3542 5167
1251 668 1341 736 XIII

423 870 518 935 Libri
546 869 722 947 GDOLH,
755 870 817 935 etsi
846 871 880 934 in
912 872 1102 938 uniuersum
1130 874 1225 940 bonis
1252 874 1284 940 h.
1312 894 1338 940 e.

322 989 555 1056 sincerioribus
583 990 678 1055 libris
705 1011 820 1055 omnes
848 990 1087 1056 adnumerandi
1115 1001 1208 1069 sunt,
1235 993 1340 1059 nihilo

322 1110 434 1174 minus
456 1130 522 1173 non
545 1108 658 1173 eadem
681 1122 760 1174 sunt
782 1110 985 1175 auctoritate.
1016 1132 1034 1174 e
1056 1111 1175 1194 quibus
1197 1112 1267 1177 loco
1289 1114 1340 1176 in-

322 1231 402 1293 fimo
432 1229 685 1311 hamburgensis
712 1227 884 1295 habendus
911 1239 976 1307 est,
1005 1238 1119 1313 utpote
1140 1230 1269 1297 mendis
1290 1233 1341 1296 in·

324 1348 589 1414 numerabilibus
621 1357 792 1432 corruptus
829 1349 1039 1433 neglegentia
1077 1351 1202 1415 scribae
1238 1351 1342 1417 factis.

326 1470 468 1553 uestigia
495 1477 604 1533 tamen
633 1468 855 1533 consideratae
877 1489 960 1551 quae
982 1469 1096 1534 fallere
1118 1471 1222 1555 possit
1243 1470 1343 1535 iuter-

326 1588 504 1671 polationis
537 1589 572 1652 in
600 1588 635 1652 H
663 1597 743 1653 sunt
776 1589 954 1653 rarissima.
1009 1588 1115 1670 pluris
1148 1589 1344 1655 aestimandi

324 1717 406 1773 sunt
439 1707 517 1772 libri
550 1706 577 1773 Ο
605 1716 639 1772 et
659 1707 689 1771 L
712 1708 800 1772 iuter
833 1730 868 1773 se
900 1706 1072 1773 simillimi.
1123 1720 1201 1772 sunt
1233 1715 1344 1773 autem

323 1827 459 1913 perboni
476 1848 597 1910 magna
612 1848 688 1891 eum
703 1826 768 1891 fide
783 1827 960 1891 lectionum
973 1827 1192 1909 genuinarnm
1205 1833 1343 1905 tenaces,

324 1946 499 2029 etquidem
512 1945 832 2028 deliquantostiam
846 1947 1100 2027 tenaciorqnam
1118 1946 1196 2027 ΙΝ).
1225 1945 1343 2011 horum

325 2075 503 2147 utrumque
531 2065 656 2129 librum
685 2066 791 2129 multo
819 2072 952 2147 superat
980 2065 1026 2139 (i,
1060 2065 1210 2130 omnium
1243 2064 1338 2131 libro

327 2206 399 2247 rum
424 2184 690 2260 manlianorum,
713 2181 798 2265 quod
823 2182 976 2260 sciamus,
998 2193 1032 2248 et
1046 2184 1297 2268 antiquissimus
1312 2192 1346 2250 et

326 2305 471 2387 optimus
493 2314 526 2367 et
549 2304 601 2367 rrol
625 2302 696 2367 ideo
719 2304 806 2386 quod
829 2325 870 2367 ex
886 2304 957 2387 ipso
973 2306 1146 2370 neronensi
1161 2306 1345 2389 descriptus

325 2437 376 2488 cst
397 2425 541 2488 mnrium
567 2422 631 2487 tide
654 2423 931 2507 dignissirrrns³¹*).
981 2430 1086 2489 restat
1107 2424 1140 2488 D
1163 2424 1245 2507 (hoc
1275 2425 1345 2490 loco

326 2544 368 2609 de
396 2545 504 2627 prima
531 2553 663 2608 tantum
692 2543 807 2626 loquor
833 2547 955 2625 manu)
984 2541 1069 2608 liber
1091 2551 1125 2607 et
1147 2542 1292 2607 bonitate
1314 2550 1348 2608 et

325 2664 490 2747 prauitate
513 2663 752 2728 memorabilis:
775 2662 895 2745 partim
919 2663 1008 2727 enim
1030 2662 1101 2725 eius
1124 2662 1280 2726 lectiones
1295 2661 1346 2740 in-

325 2784 520 2868 tsgorrimae
552 2791 632 2847 sunt
667 2792 700 2846 et
733 2782 941 2865 diligentiam
972 2784 1009 2845 in
1042 2780 1238 2846 lectionibus
1270 2780 1348 2845 libri

326 2902 517 2969 ueronensis
550 2900 723 2967 senmndis
757 2902 902 2967 maxime
935 2900 1137 2966 laudabilem
1174 2908 1347 2977 testantur,

325 3024 446 3106 partim
474 3029 608 3106 propter
636 3022 906 3104 interpolationes
929 3042 949 3085 a
971 3020 1078 3085 scriba
1103 3019 1189 3084 haud
1217 3020 1348 3085 indocto

326 3165 422 3227 saepe
446 3142 637 3208 commissas
660 3141 895 3207 fallacissimae
918 3146 1049 3221 sunt³⁵).
1094 3142 1206 3223 itaque
1229 3139 1348 3205 datano

326 3265 455 3330 cautus
471 3262 630 3328 utendum
647 3271 698 3328 est
713 3284 812 3346 quarn
826 3262 1065 3329 Lachmannus
1077 3262 1154 3327 fecit
1167 3262 1196 3324 oi
1209 3261 1349 3326 nimium

326 3387 479 3451 confisus.

327 3572 378 3607 sec.
390 3556 465 3622 colb.)
478 3556 516 3623 lap
530 3555 660 3621 experiebis
673 3554 696 3605 Η
709 3553 721 3620 ΙΙ
731 3550 817 3603 XXIII
830 3550 864 3601 22
876 3548 952 3619 teas]
960 3549 1036 3615 feras
1048 3549 1108 3601 lec
1121 3558 1199 3599 terras
1216 3548 1349 3601 H=tcras

328 3641 376 3693 Gn
394 3640 437 3709 (=
446 3659 486 3709 pr.
504 3659 571 3695 man.
593 3642 643 3692 dat
662 3648 689 3691 et
705 3636 875 3703 correctores)
898 3635 951 3705 pub
966 3636 1044 3704 (man.
1063 3654 1100 3704 pr.
1118 3634 1267 3696 senteniani,
1285 3652 1350 3703 quse

317 3728 394 3792 seras
422 3728 559 3794 scripserat
588 3726 673 3794 prius,
707 3722 832 3792 posterius
861 3721 970 3773 correxit
998 3720 1070 3788 ipsa)
1099 3721 1175 3787 ferus
1205 3721 1240 3772 11⁸
1264 3718 1351 3789 (prior

327 3811 451 3880 scriptura
473 3829 561 3863 manus
585 3811 680 3877 primae
698 3808 851 3877 senteniani)
874 3808 895 3861 0
915 3816 992 3857 terres
1011 3806 1181 3875 ΗΙΙΧΧΧΧΙ
1199 3806 1215 3856 2
1230 3805 1349 3871 poposcit]

323 3898 449 3964 proposcit
465 3898 543 3950 D³=
551 3897 663 3963 poposcit
679 3894 828 3962 Gncsspnb
848 3894 915 3961 (ipss
931 3910 996 3945 man.
1014 3911 1052 3961 pr.
1071 3891 1179 3943 correxit
1196 3905 1306 3942 errorem
1318 3889 1350 3939 ab

329 3984 386 4051 ipss
404 3984 475 4051 prius
493 3984 586 4035 sactum
602 3980 734 4049 proposcit)
755 3980 767 4047 ΙΙ
786 3979 856 4030 LVII
874 3979 891 4029 3
908 3976 1023 4047 numque]
1041 3978 1146 4040 uirisque
1163 3973 1352 4038 L¹=atrbque

327 4070 475 4137 oncflprr
493 4071 541 4135 (=
559 4086 626 4121 man.
645 4085 695 4121 sec.
715 4064 794 4134 sant.)
812 4066 918 4131 viresqne
936 4065 968 4116 L¹
986 4063 1064 4129 (urant
1083 4078 1121 4127 pr.
1139 4060 1215 4122 sant.)

325 4155 361 4206 33
383 4155 415 4206 cf.
437 4155 515 4205 etiam
538 4153 648 4222 Heysius
671 4169 742 4204 conr.
765 4169 790 4218 p.
813 4150 865 4202 284
1017 4147 1051 4197 34
1075 4146 1106 4195 cf.
1133 4162 1198 4212 quac
1224 4142 1276 4195 dixi
1303 4151 1352 4212 aet⁸

327 4247 444 4300 copnent.
462 4239 548 4307 philol.
568 4256 647 4308 germ.
664 4236 735 4289 mian
754 4256 779 4305 p.
798 4237 847 4291 119
954 4235 987 4296 35
1005 4233 1038 4285 ef.
1056 4230 1167 4307 Heysius
1185 4231 1202 4284 l·
1218 4246 1240 4284 e.
1257 4229 1308 4286 296
1325 4238 1353 4289 et
