3542 5167
746 1032 1035 1130 FRAGMENTA

511 1250 528 1314 Ι
550 1252 640 1323 (elien
657 1274 721 1336 pro
744 1255 885 1317 carmine
908 1251 1028 1317 XVIII
1049 1256 1266 1335 numentum)

445 1388 541 1484 llunc
564 1420 675 1484 lucmn
698 1419 756 1483 tibi
780 1419 893 1483 dedico
915 1441 1141 1501 consecroque,
1163 1420 1294 1502 Priape.

440 1559 508 1621 ,qua
530 1537 646 1602 domus
669 1548 727 1602 tua
748 1536 924 1620 Lampsaci
947 1547 998 1601 eet
1019 1558 1147 1620 quaque
1169 1538 1298 1620 Priapo.

443 1678 521 1720 uam
544 1664 576 1719 te
598 1655 772 1739 praecipuo
793 1656 829 1719 in
853 1655 923 1719 suis
945 1654 1083 1719 urbibus
1106 1655 1184 1720 colit
1206 1676 1263 1719 ora

443 1774 662 1857 hellespontia
683 1774 798 1837 ceteris
821 1774 991 1839 ostrioeior
1013 1774 1086 1837 orie.

869 1994 902 2057 Il

629 2148 669 2210 de
691 2168 764 2212 mco
785 2148 942 2231 ligurriue
964 2147 1066 2211 libido
1088 2155 1147 2211 eet.

446 2351 458 2401 1
478 2352 544 2401 1-4
565 2349 720 2400 Terentiam
738 2348 843 2401 Mauras
862 2349 935 2400 2754
948 2367 971 2414 p.
983 2349 1020 2401 92
1037 2350 1083 2399 Lm
1100 2350 1135 2401 Et
1152 2350 1230 2402 ferme
1248 2351 1335 2403 modus
1353 2354 1394 2403 hic

377 2436 453 2485 datur
470 2453 486 2485 a
503 2435 629 2501 plerisque
646 2434 746 2500 Priapo,
764 2433 833 2483 Inter
855 2450 916 2498 quos
934 2434 1024 2484 cecinit
1041 2451 1139 2500 quoque
1157 2450 1257 2486 carmen
1275 2436 1326 2487 tale
1344 2436 1392 2488 Ca·

377 2521 452 2571 tullus
475 2520 558 2569 ‘Hunc
580 2520 662 2570 lucum
681 2548 712 2556 -
731 2516 797 2570 oris'.
824 2519 857 2568 Et
873 2518 968 2569 similes
986 2518 1073 2587 plures
1096 2520 1131 2571 eic
1149 2520 1325 2587 conscripsisse
1343 2523 1392 2574 Ca-

375 2604 463 2656 tullum
486 2604 582 2655 Scimus
690 2608 695 2653 Ι
722 2604 782 2653 nsit
804 2602 930 2653 Fortunat.
953 2603 1028 2655 2676
1048 2602 1074 2653 P
1089 2605 1141 2655 317
1160 2602 1183 2655 G
1205 2605 1244 2656 Es
1262 2607 1308 2656 hac
1326 2608 1391 2657 diui-

375 2689 445 2739 sione
467 2700 493 2738 et
516 2689 632 2754 priapeus
654 2689 764 2739 nascitur
785 2705 882 2740 uorsus.
924 2690 995 2738 cuius
1018 2688 1158 2755 exemplum
1181 2690 1247 2755 apud
1269 2691 1392 2742 Catullum

375 2774 456 2824 ‘Hunc
473 2774 554 2823 lucum
572 2774 618 2823 tibi
636 2772 724 2823 dedico
741 2790 909 2838 cousecroquo
927 2772 1026 2839 Priape'
1045 2774 1091 2839 (sic
1103 2770 1258 2838 Gcisferdius
1274 2791 1304 2824 ee
1315 2774 1392 2825 codice

373 2859 498 2916 caucam,
525 2874 643 2908 consecro
666 2857 804 2924 dedicoque
826 2857 970 2923 I’atschius)
997 2858 1026 2922 is
1050 2858 1120 2907 etiam
1142 2858 1219 2910 2676
1242 2858 1268 2907 Ρ
1286 2859 1339 2910 318
1362 2858 1392 2911 G.

374 2940 456 2991 deinde
473 2941 532 2991 idem
551 2942 625 2992 2697
645 2940 670 2990 P
684 2942 739 2991 ete
760 2941 783 2991 G
807 2942 852 2991 llst
873 2942 937 2993 alius
961 2943 1078 3009 priapeus
1096 2944 1139 3008 qui
1157 2954 1183 2992 et
1203 2943 1327 2994 bucolicus
1345 2962 1390 2993 uo·

373 3036 455 3088 catur,
474 3037 503 3076 ut
520 3027 602 3077 ‘Hunc
622 3054 653 3063 -
672 3043 839 3093 cousccroqnc
856 3027 966 3093 Priape.
996 3026 1094 3077 Marius
1120 3026 1252 3077 Victorinus
1275 3027 1351 3078 2667
1369 3028 1395 3077 Ρ

374 3111 428 3163 163
447 3109 470 3161 G
492 3110 558 3164 Item
576 3111 662 3161 ‘Hunc
682 3140 713 3148 -
732 3111 833 3163 dedico’
858 3112 949 3163 dehinc
967 3111 1155 3178 ‘Consecroque
1177 3112 1289 3178 Priape’.
1325 3114 1391 3179 quod

373 3207 478 3245 metrum
497 3196 625 3261 priapcum
644 3214 659 3245 a
676 3194 824 3261 quibusdam
847 3197 1005 3259 aestimatur,
1029 3194 1216 3247 259812207
1236 3194 1259 3246 G
1280 3207 1309 3246 ut
1326 3199 1391 3263 apud

374 3280 501 3330 Catullum
520 3279 606 3330 ‘Hunc
626 3307 656 3316 -
675 3296 840 3346 consecroque
860 3280 973 3345 Priape',
999 3281 1029 3345 cs.
1053 3282 1123 3330 etiam
1145 3280 1224 3331 2669
1240 3279 1267 3330 Ρ
1286 3280 1343 3332 299
1361 3280 1392 3331 G.

378 3363 501 3415 Censorini
521 3364 563 3427 qui
583 3362 669 3413 dicitur
677 3364 772 3428 srcpm.
790 3363 818 3413 de
835 3372 901 3414 metr.
919 3363 992 3413 2727
1010 3362 1037 3411 Ρ
1052 3363 1106 3413 197
1125 3362 1148 3415 G
1166 3364 1288 3429 Priapeus
1306 3366 1392 3420 ‘Hunc

376 3476 405 3487 -
425 3465 593 3514 cousecroquc
611 3447 717 3513 Priape'
821 3448 837 3497 2
855 3465 954 3513 quaque
971 3447 1036 3499 silua
1054 3464 1078 3499 ω
1094 3447 1157 3498 silua
1169 3465 1267 3513 quaque
1280 3447 1392 3515 Silliqius

373 3545 575 3600 qua‘portusque
594 3531 723 3584 Santenius
742 3533 871 3597 Lampsaci
889 3532 939 3584 crit
955 3548 1053 3597 quaque
1067 3531 1233 3581 Laclmunnus
1251 3532 1286 3582 ed
1305 3532 1391 3584 Teren·

375 3618 462 3668 &enum
477 3636 503 3682 p.
514 3618 550 3669 92
569 3617 699 3684 Lampsaci
716 3617 765 3667 sita
782 3625 821 3666 est
838 3633 937 3682 quaque
955 3614 1084 3666 Putsclius
1102 3615 1169 3678 Quoi
1181 3616 1268 3668 domus
1278 3620 1390 3685 —quoi·

371 3719 419 3768 que
437 3702 502 3753 silua
518 3702 665 3767 Deerinpius
734 3701 759 3750 3.
777 3701 794 3749 4
812 3698 880 3749 Mar.
901 3700 986 3752 l'ictor.
1005 3699 1080 3752 2699
1097 3699 1124 3750 Ρ
1138 3700 1194 3752 298
1213 3699 1236 3753 G
1257 3704 1391 3754 autetiam

371 3790 463 3837 cretico
476 3789 544 3852 prius
557 3804 653 3838 comma
665 3804 710 3853 pro
723 3786 823 3853 dactylo
835 3786 993 3845 terminetur,
1011 3796 1039 3836 ut
1051 3795 1090 3837 est
1101 3787 1168 3853 apud
1182 3787 1305 3838 Catullum
1319 3788 1390 3838 ‘Nam

372 3878 397 3922 te
416 3872 550 3937 praecipue
569 3871 594 3921 in
612 3872 672 3921 suis'
691 3872 782 3922 dehinc
800 3871 983 3937 ‘Hellespontia
1001 3872 1100 3922 ceteris'
1178 3872 1196 3920 4
1213 3872 1347 3921 ostreosior
1365 3887 1390 3924 ω

439 3972 465 4023 lI
482 3968 576 4021 Nonius
593 3969 728 4021 Marcellus
749 3972 799 4023 let
818 3970 856 4024 M.
876 3971 913 4022 92
931 3970 954 4023 G
995 3970 1142 4036 ‘Ligurrire’
1161 3969 1303 4035 degustare,
1323 3971 1389 4021 unde

373 4054 531 4121 adIIgnrrire‚
549 4053 628 4106 multa
645 4054 719 4105 auido
737 4072 884 4107 consumere
988 4052 1091 4105 Catulus
1110 4052 1201 4118 Priopo
1220 4053 1265 4103 ‘de
1282 4071 1338 4103 meo
1360 4083 1387 4091 -

373 4139 429 4192 est’.
447 4138 559 4190 Catullus
577 4138 669 4204 Priapo
687 4137 791 4189 editores
808 4138 886 4191 Nonii
902 4140 1009 4204 Priapes
1027 4136 1194 4187 Lachmann

1152 4238 1186 4290 22
