3542 5167
780 705 841 773 axi
859 720 950 772 ιιι-
962 718 1007 772 ιιι

470 927 487 969 o
509 904 642 991 Hymen
666 905 859 991 Hymenaee
881 908 922 983 io,

387 1023 448 1088 155
514 1048 530 1089 o
553 1024 688 1109 Hymen
712 1024 910 1112 Hymenaee.

467 1452 508 1494 nn
532 1431 593 1496 tibi
616 1431 733 1497 domus
754 1439 792 1497 ut
814 1439 930 1517 petens

511 1562 545 1615 et
566 1550 662 1616 beata
683 1552 747 1616 uiri
770 1554 837 1615 tui:

509 1689 591 1751 quae
613 1670 673 1734 tibi
696 1672 767 1735 aine
790 1672 918 1735 seruiet

466 1791 497 1872 (e
521 1789 655 1873 Hymen
679 1789 871 1874 Hymenaee
894 1792 934 1867 io,

383 1908 445 1972 160
510 1933 527 1974 e
550 1909 685 1995 Hymen
708 1910 914 1995 Hymenaee)

464 2169 569 2231 usqne
591 2148 671 2213 dum
693 2151 872 2215 tremulum
895 2172 1034 2216 mouens

510 2290 592 2334 eana
615 2277 745 2352 tempus
768 2271 905 2335 anilitas

503 2389 615 2453 omnia
637 2390 788 2454 omnibus
812 2391 938 2455 annuit.

463 2530 480 2572 ο
504 2508 637 2594 Hymen
660 2508 854 2594 Hymenaee
876 2512 918 2587 ie,

378 2628 441 2693 165
504 2650 521 2692 e
545 2627 679 2713 Hymen
704 2627 905 2713 Hymenaee.

461 2866 604 2932 transfer
625 2868 733 2932 emine
757 2888 831 2933 eum
855 2869 940 2933 bono

503 2987 605 3050 limen
627 2988 777 3052 aureolos
800 2989 909 3069 pedes,

501 3105 698 3188 rasilemque
721 3107 795 3169 subi
817 3107 929 3171 forem.

460 3247 477 3289 e
500 3223 633 3311 Hymen
657 3226 849 3309 Hymenaee
871 3227 912 3302 ie,

375 3340 437 3411 170
501 3369 518 3410 ο
543 3345 677 3431 Hymen
701 3346 899 3431 Hymenaee.

458 3587 566 3668 aspiee
586 3589 675 3651 iaetus
697 3594 734 3651 ut
760 3587 924 3653 aeeubana

374 3722 423 3775 158
441 3722 521 3773 seruit
544 3721 556 3769 ΙΙ
577 3721 626 3771 182
645 3722 789 3773 antinous
813 3723 825 3772 ΙΙ
848 3724 896 3773 168
914 3723 962 3773 sibi
986 3722 999 3770 ii
1021 3720 1065 3772 171
1087 3738 1151 3773 nnus
1169 3730 1197 3773 ut

372 3842 462 3893 Lueret
481 3840 595 3907 p.117).·
611 3838 651 3890 Ne
672 3830 715 3917 βω
822 3841 871 3891 156
893 3849 981 3906 patene
1005 3838 1120 3889 Heinsius
1142 3837 1196 3890 adu.
1219 3838 1271 3890 644
1291 3839 1329 3891 Hn
1347 3839 1393 3891 tibi

372 3930 459 3986 demus
471 3956 502 3966 -
515 3933 643 3993 nepotem
655 3924 688 3975 Et
705 3924 753 3991 (Ha
765 3922 892 3990 Heinsius)
911 3922 997 3975 beate!
1011 3953 1044 3962 -
1057 3923 1105 3975 uiri
1124 3924 1162 3975 tui
1181 3923 1315 3975 Pleitnetus

373 4013 422 4066 158
440 4015 495 4065 eine
512 4012 606 4064 seruiat
627 4002 644 4087 β
668 4009 792 4061 Pomanus
811 4022 855 4064 ta:
877 4009 932 4060 sine
951 4008 1029 4060 seruit
1053 4007 1079 4060 V
1092 4011 1155 4061 bene
1173 4010 1269 4063 seruiat
1287 4010 1392 4062 Deerin·

370 4099 424 4163 yius
442 4100 496 4151 nine
514 4098 563 4150 fine
581 4090 694 4174 seruitii
716 4097 770 4149 aine
791 4097 842 4146 fine
865 4096 915 4146 erit
937 4093 1032 4159 quidem
1055 4096 1121 4161 apud
1141 4096 1271 4147 Aaeantium
1294 4113 1319 4150 ω
1346 4096 1392 4147 Lm

371 4199 436 4247 qnae
452 4185 506 4235 seni
523 4185 570 4236 tibi
588 4184 645 4248 (tibi
663 4202 724 4236 nene
737 4181 860 4249 Sealiyer)
877 4181 972 4233 seruiet
990 4179 1084 4232 Statius
1103 4183 1158 4245 Quo
1177 4183 1279 4236 tibicine
1296 4182 1391 4233 seruiat

379 4264 476 4317 Vossius
548 4267 595 4322 163
613 4275 706 4322 musi
722 4268 841 4319 Auentina
860 4264 921 4317 Lm*
938 4274 1031 4319 annuat
1048 4266 1183 4317 Plet‘tneaus
1255 4265 1298 4318 1¹11
1318 4263 1388 4316 intua
