3542 5167
802 906 884 973 OXI

396 1027 559 1135 duntona,
581 1060 652 1124 uiro
675 1067 861 1126 contentam
884 1063 996 1128 uiuere
1019 1066 1088 1130 solo

438 1187 615 1259 nuptarum
639 1178 711 1242 Inus
734 1178 925 1245 claudibus
948 1183 1094 1247 eximiis:

395 1297 451 1362 sed
475 1300 579 1364 cuiuis
602 1300 754 1380 quamuis
776 1300 885 1382 potius
908 1301 1119 1366 succumbere
1141 1323 1204 1385 par
1225 1310 1275 1366 est

438 1438 536 1498 quam
559 1425 697 1482 matrem
720 1417 836 1483 fratres
859 1439 901 1482 ex
922 1426 1039 1503 patruo
1056 1442 1183 1505 parere.

792 1773 890 1839 OXII

396 1916 524 2010 Multus
541 1945 638 2011 bomo
657 1966 699 2021 ee,
722 1944 819 2022 Naso,
836 1965 942 2026 neque
958 1953 1065 2009 tecum
1080 1944 1207 2009 multus
1221 1943 1349 2009 homost

944 2084 1001 2145 que

439 2181 619 2246 descendit:
643 2182 740 2261 Naso,
763 2182 890 2246 multus
914 2202 948 2245 es
971 2191 1004 2245 et
1025 2182 1184 2265 pathicus.

403 2418 460 2469 cxl
480 2420 491 2469 l
512 2417 651 2469 Aufilenam
663 2418 675 2485 ΙΙ
690 2420 707 2468 2
725 2420 779 2471 Iena
797 2428 836 2471 est
851 2420 863 2485 ΙΙ
878 2420 895 2471 3
912 2436 971 2486 pere
988 2429 1026 2470 est
1041 2419 1053 2485 ΙΙ
1068 2419 1085 2469 4
1102 2435 1191 2485 perere
1208 2418 1317 2468 eandoem
1328 2417 1340 2483 ΙΙ

334 2504 405 2554 CXII
426 2506 435 2553 l
456 2511 495 2553 eet
506 2502 602 2569 tlhomo
620 2503 666 2554 sed
683 2509 748 2570 quet

402 2690 459 2743 CXI
481 2693 491 2740 I
513 2699 651 2742 contentam
668 2690 746 2745 Vos:
773 2699 903 2742 contentas
922 2689 1033 2756 Scaliqcr
1045 2690 1090 2740 Lm
1158 2692 1175 2740 2
1193 2708 1208 2741 ε
1227 2689 1351 2757 Scatiqer:

334 2786 373 2829 eet
393 2777 417 2826 V
430 2787 469 2828 eet
486 2777 540 2828 lane
558 2795 573 2828 e
592 2775 686 2827 Statius
703 2776 842 2842 Nuptarum
860 2794 909 2827 une
926 2783 966 2826 est
983 2793 997 2825 e
1016 2774 1125 2826 Muretus
1143 2775 1210 2826 Lens
1229 2784 1268 2827 est
1285 2795 1349 2844 nup-

333 2873 413 2914 torum
432 2882 446 2913 e
465 2863 627 2913 Froedliedies
696 2860 769 2911 3ses
787 2869 826 2910 eet
844 2854 887 2937 βω
1002 2861 1020 2910 4
1045 2878 1134 2927 perere
1160 2860 1211 2910 odd
1231 2854 1248 2937 β
1267 2860 1350 2925 (codex

331 2950 454 3012 parisinus
482 2948 556 2999 8236
581 2948 742 3003 fure'cnue'in
768 2947 890 3012 mareiae)
917 2946 1063 3011 Doerinqe‘us
1089 2945 1113 2994 ia
1139 2944 1238 2995 editione
1263 2945 1349 3008 attera,

334 3050 374 3096 eqo
398 3033 422 3081 in
445 3032 492 3082 ind.
516 3032 567 3081 leet.
591 3032 685 3096 dorpat.
708 3050 731 3081 a.
755 3032 826 3082 1864
845 3048 872 3096 p.
894 3030 923 3081 8:
940 3030 1030 3080 fratres
1048 3070 1053 3080 .
1074 3063 1080 3079 .
1098 3063 1128 3080 ..
1150 3046 1180 3079 ex
1199 3038 1288 3096 patruo
1307 3030 1351 3095 (ex

334 3116 434 3179 dotano)
452 3115 497 3165 Lm
514 3117 604 3166 fratres
622 3117 724 3167 efficere
742 3116 886 3182 (concipere
905 3113 1068 3165 Rossbachius
1086 3116 1213 3181 suscipere
1233 3113 1351 3181 Heyaius)

256 3266 260 3272 η
334 3218 364 3250 ex
382 3211 471 3267 patruo
490 3194 581 3278 fiLm*
599 3201 687 3252 fratrei
705 3219 733 3252 se
751 3202 834 3252 fecere
853 3218 883 3251 ex
902 3207 992 3265 patruo
1010 3198 1134 3265 Roeperus
1155 3199 1169 3250 ι
1188 3217 1208 3253 c.

403 3302 472 3354 CXII
491 3320 518 3353 es
537 3296 593 3380 βωζ
615 3302 684 3353 estV
699 3302 745 3352 Lm
814 3320 860 3352 nee
879 3294 957 3378 βίηι
975 3320 1031 3352 nem
1050 3294 1092 3378 βω
1104 3299 1170 3367 (Hs.)
1231 3302 1352 3352 homoest

334 3388 422 3451 (potius
435 3388 540 3439 homost.
559 3388 589 3451 ef.
603 3385 690 3437 LXII
700 3387 744 3454 45)
757 3388 800 3452 qui
813 3379 855 3464 βω
878 3386 980 3451 (Hp.).·
1007 3387 1129 3452 homoque
1152 3386 1209 3434 libri
1229 3386 1285 3435 boni
1300 3385 1351 3447 atii,

335 3474 407 3524 homo
420 3472 464 3521 sed
478 3471 524 3520 elii
536 3470 600 3537 (Lm)
614 3471 651 3531 (in
661 3472 810 3536 qermanemz'
816 3481 873 3536 post
885 3479 967 3522 tecum
980 3472 1071 3523 multus
1083 3472 1156 3522 home
1169 3470 1248 3534 nibil).
1278 3470 1352 3520 homo

335 3549 405 3632 quib
421 3556 524 3621 Heyaius
543 3556 623 3618 homo,
642 3556 687 3606 sed
705 3555 842 3606 Descendis
854 3555 999 3606 Partheniae
1011 3556 1107 3607 Multus
1119 3556 1193 3607 homo
1212 3555 1257 3621 (es,
1276 3554 1352 3614 Naso,

334 3660 392 3693 nam
412 3652 492 3691 tecum
511 3641 602 3691 multus
620 3641 709 3704 homo)
736 3641 833 3705 estqui
855 3640 1006 3690 deseendit?
1030 3639 1142 3707 Scaliyer
1162 3640 1257 3692 Multus
1279 3640 1351 3690 home

335 3735 382 3787 est,
401 3727 468 3777 Naso
487 3729 555 3789 (nam
573 3733 654 3777 mcum
666 3723 760 3775 multus
771 3724 843 3775 homo
856 3724 896 3789 ee)
913 3724 956 3791 qui
967 3724 1119 3777 Descendit?
1139 3724 1239 3791 Velpiua
1256 3724 1351 3776 Multus

336 3813 408 3862 homo
426 3828 466 3871 ee,
490 3810 565 3862 Naso.
601 3827 682 3875 neque
704 3826 787 3860 seeum
809 3809 900 3859 multus
921 3810 994 3860 homo
1018 3810 1060 3876 qui
1083 3811 1227 3862 Descendit.
1254 3810 1351 3860 Vossius

336 3893 430 3944 Multus
447 3895 521 3944 homo
539 3911 574 3954 ee,
592 3894 668 3953 Naso,
686 3910 733 3945 nec
750 3901 832 3944 tecum
850 3894 942 3945 multus
959 3894 1049 3945 home:
1068 3895 1168 3959 estqui
1186 3894 1222 3943 'l'e
1240 3893 1352 3943 escendit

336 3976 459 4043 Meleoqer
476 3978 553 4044 spicil.
572 3978 610 4028 35
628 3979 722 4029 Multus
740 3978 826 4039 hemo,
850 3978 931 4038 Naso,
957 3987 1039 4029 tecum
1056 3988 1107 4037 eet,
1126 3986 1152 4029 et
1168 3978 1261 4029 multus
1279 3979 1351 4029 homo

336 4079 351 4111 a
369 4070 394 4111 te
411 4061 547 4113 Descendit
565 4060 727 4112 Froeilicdiue
745 4073 862 4115 emmone.
881 4062 953 4114 acad.
972 4079 1062 4113 monac.
1089 4060 1126 4110 VI
1141 4060 1160 4109 2
1176 4060 1235 4112 262
1251 4079 1297 4112 nee
1314 4070 1351 4113 te·

336 4162 392 4196 cum
409 4146 499 4196 multus
517 4147 590 4197 hemo
609 4153 648 4196 est
665 4146 708 4211 qui
725 4147 761 4197 'Pe
778 4148 869 4200 scindit
885 4146 1011 4211 Hauptius
1030 4146 1055 4194 in
1072 4143 1170 4195 editione
1188 4154 1288 4211 utreque
1304 4162 1351 4198 nee

336 4230 414 4282 solum
434 4230 525 4283 multus
542 4228 617 4283 hono
636 4232 681 4283 sed
698 4230 732 4283 Se
750 4233 836 4285 uendit
852 4228 1014 4284 HAKocdioe
1031 4231 1104 4298 symb.
1119 4228 1180 4295 plait
1199 4231 1265 4282 bone.
1283 4228 1341 4283 320
