3542 5167
448 692 511 758 148
804 698 1098 755 nxxvnn-nxxx

854 883 1060 949 LXXVIIII

515 979 652 1073 Lesbius
675 1015 726 1071 est
747 1005 903 1088 pulcher:
927 1002 1006 1085 quid
1028 1002 1083 1067 ol?
1111 1023 1205 1083 quem
1228 1001 1350 1066 Lesbia
1374 1004 1480 1067 malit

473 1092 479 1098 ’
556 1139 654 1199 quam
678 1126 710 1180 te
732 1137 807 1179 enni
831 1124 901 1180 tota
922 1120 1028 1197 gente,
1053 1111 1193 1188 Catulle,
1218 1121 1283 1176 tua.

515 1228 571 1294 sed
595 1237 705 1291 tamen
728 1227 781 1289 hie
795 1224 932 1308 pulcher
946 1222 1069 1288 uendat
1084 1244 1159 1286 eum
1174 1233 1272 1305 gente
1288 1221 1479 1299 Catullum,

556 1340 583 1401 si
606 1338 670 1400 tria
692 1343 845 1400 natorum
868 1335 962 1399 sauia
984 1334 1173 1416 reppererit.

696 1503 829 1568 LXXX
852 1513 880 1567 et
902 1502 1088 1567 LXXVIII
1112 1502 1216 1567 7-10

516 1596 603 1698 Iluid
627 1625 743 1700 dioem,
768 1622 868 1697 Gelli,
893 1642 992 1703 quare
1014 1642 1107 1685 rosea
1128 1622 1192 1685 ista
1216 1620 1336 1685 labella

556 1734 693 1797 hiberna
715 1735 799 1797 fiant
820 1730 1008 1796 candidiora
1031 1732 1117 1806 niue,

516 1865 613 1907 mane
635 1843 731 1907 domo
754 1863 829 1906 eum
852 1842 923 1905 exie
945 1847 977 1905 et
999 1860 1073 1904 oum
1096 1851 1128 1903 te
1151 1850 1267 1906 octaua
1288 1841 1402 1923 quiete

559 1974 576 2015 e
598 1952 692 2016 molli
714 1952 813 2033 longo
835 1951 973 2014 suscitat
994 1950 1074 2013 hore
1097 1949 1170 2014 die?

473 2062 493 2124 5
516 2063 625 2150 neseio
647 2061 724 2142 quid
748 2070 835 2126 eerte
858 2068 922 2123 est:
946 2082 988 2124 an
1011 2081 1088 2124 nere
1110 2061 1198 2125 fama
1220 2070 1373 2126 susurrat

558 2170 696 2253 grandia
718 2180 749 2233 te
771 2167 871 2251 medii
894 2176 983 2233 tenta
1006 2190 1120 2234 uorere
1143 2170 1232 2234 ulri?

518 2283 564 2346 sio
587 2291 673 2346 oerte
695 2293 759 2346 est:
784 2283 930 2346 clamant
951 2282 1094 2347 Vietoris
1117 2293 1214 2365 rupte
1235 2281 1357 2347 miselli

558 2393 628 2469 illo,
653 2401 684 2457 et
707 2394 833 2457 emulso
855 2393 949 2457 labra
971 2403 1082 2458 notata
1104 2414 1184 2457 sere.

474 2502 493 2566 7
516 2502 573 2567 sed
595 2523 685 2567 nune
706 2503 739 2566 id
764 2501 857 2567 doleo
880 2503 966 2584 quod
988 2524 1090 2585 purae
1112 2523 1197 2585 pure
1218 2503 1348 2584 puellae

558 2612 651 2676 sauia
673 2614 856 2677 conminxit
878 2634 996 2695 spureo
1019 2613 1124 2677 saliua
1147 2622 1212 2677 tua.

516 2745 632 2787 uerum
655 2722 690 2787 id
713 2745 777 2788 non
800 2726 935 2806 impune
958 2725 1056 2787 feres:
1081 2745 1159 2789 nam
1182 2732 1214 2787 te
1236 2725 1348 2788 omnia
1364 2727 1480 2790 saeela

454 2835 494 2896 10
559 2841 693 2897 noscent
714 2842 747 2897 et
769 2834 824 2914 qni
847 2836 894 2897 sis
916 2834 1007 2897 famo
1028 2833 1181 2915 loquetur
1202 2855 1294 2897 anus.

521 2967 665 3019 LXXVIIII
685 2969 697 3017 1
718 2968 777 3033 quid
794 2969 896 3033 inquam
914 2968 925 3035 Η
941 2969 958 3017 4
976 2969 1098 3034 repererit
1118 2968 1129 3036 Η
1150 2969 1245 3019 LXXX
1264 2970 1303 3019 Ad
1323 2969 1439 3020 Gellium
1460 2973 1478 3022 3

453 3053 545 3103 exisset
557 3069 612 3102 eum
624 3051 636 3117 ΙΙ
647 3052 742 3101 litante
753 3052 784 3116 (I)
797 3051 809 3117 ΙΙ
820 3052 836 3101 8
846 3051 893 3102 Ille
903 3060 927 3102 te
938 3053 1016 3102 mulso
1028 3051 1039 3118 Η
1052 3051 1190 3105 LXXVIII
1202 3052 1288 3102 7-10
1299 3064 1409 3103 secuntur
1417 3065 1479 3119 post

453 3135 584 3185 LXXVIII
594 3135 610 3184 6
622 3134 633 3202 Η
645 3136 797 3186 Sooninnxit
809 3135 820 3202 Η
832 3137 848 3186 9
858 3137 953 3186 Verum
963 3154 1011 3187 non
1022 3138 1063 3187 id?
1080 3137 1091 3204 Η
1111 3138 1121 3187 1
1134 3138 1176 3203 qui
1185 3138 1233 3188 seis
1241 3138 1384 3203 famuloque
1399 3147 1477 3191 tenus

521 3251 666 3303 LXXVIIll
690 3254 700 3302 l
722 3252 819 3303 GeIIIus
839 3246 855 3330 β
877 3252 989 3319 Scali9er
1007 3255 1108 3306 Caelius
1127 3248 1143 3332 β
1169 3254 1281 3321 Silliqius
1303 3255 1476 3321 Innqclausse·

453 3355 496 3386 nus
514 3336 542 3385 de
560 3336 662 3385 chronol.
676 3337 714 3389 u
732 3336 785 3401 (sed
801 3338 833 3401 cf.
851 3356 891 3402 qu.
911 3336 930 3386 I
943 3338 992 3403 93)
1085 3340 1103 3389 4
1121 3345 1244 3390 ‘notorum
1262 3339 1382 3406 Scaliqer,
1401 3360 1475 3393 nme·

452 3432 534 3473 torum
552 3420 619 3471 Ital?
637 3420 702 3470 Lm*
720 3422 748 3472 si
766 3422 815 3473 tris
832 3432 969 3475 amatorum
988 3425 1058 3475 senis
1074 3426 1202 3491 surpuerit
1218 3424 1333 3475 Her'nsr'us

522 3523 615 3584 LXXX
633 3522 775 3575 VVirronis
793 3540 817 3577 ω
838 3526 946 3576 mutonis
966 3524 1107 3592 Spenqelirs
1127 3526 1186 3579 leot'
1198 3526 1233 3577 95
1251 3526 1385 3577 siccone.
1419 3528 1475 3579 els-

453 3616 521 3657 ment
539 3609 658 3659 Varronis
677 3616 750 3673 rupte
768 3608 859 3659 viselli
878 3608 991 3674 Seoliyer
1102 3611 1118 3658 8
1142 3611 1187 3660 Ilia
1210 3618 1236 3661 et
1258 3611 1351 3661 emulso
1374 3611 1476 3663 Pierius

461 3692 602 3741 Valerianus
625 3702 648 3742 et
674 3691 776 3743 Gabriel
798 3692 909 3742 Faernus
935 3693 1002 3758 opud
1028 3692 1147 3744 Statium:
1174 3694 1223 3747 Illa
1249 3695 1359 3746 demulso
1386 3695 1476 3747 aldina

453 3793 477 3827 a.
497 3775 569 3825 1502
586 3776 681 3842 Ilioque
699 3784 725 3827 et
743 3776 821 3827 mulso
841 3776 935 3827 Statius
1021 3776 1083 3827 Post
1099 3778 1115 3825 8
1134 3794 1216 3827 terrers
1234 3779 1368 3830 LXXVIII
1385 3778 1477 3831 7-10

452 3870 512 3910 recle
530 3859 661 3911 conlocauit
675 3860 836 3925 TIBerqlcius
854 3878 912 3911 mur.
930 3862 994 3911 rlen.
1014 3860 1073 3909 XV
1088 3861 1181 3925 (1860)
1200 3863 1254 3913 510
1271 3865 1349 3928 (prob.
1366 3863 1476 3915 PBoelr-

453 3947 511 3995 mire
528 3964 567 4009 qu.
590 3944 773 4020 GEflrunerrs
796 3944 824 3993 de
847 3954 915 4008 temp.
938 3962 1009 3994 carm.
1028 3955 1072 3995 cat
1092 3946 1153 4009 22).
1193 3947 1339 3998 corraditur
1357 3948 1385 3997 de
1404 3950 1476 4001 Allio

452 4048 490 4079 eos
513 4047 563 4080 cum
585 4029 688 4079 carmine
709 4026 873 4077 LXXXXI
890 4029 1015 4078 coniunxit.
1050 4028 1079 4078 ‹Ie
1102 4030 1151 4081 loeo
1169 4050 1235 4095 quem
1252 4033 1288 4081 lis
1312 4030 1429 4099 Scoliqer
1451 4046 1478 4085 er

452 4114 619 4165 Lachmannus
637 4112 870 4179 odsiynoueruntcs.
890 4111 924 4161 ad
939 4111 1086 4165 LXXVII
1103 4116 1120 4167 6
1197 4117 1212 4167 7
1231 4134 1309 4183 purae
1327 4118 1426 4185 impure
1446 4136 1474 4173 ‹r›

487 4199 503 4248 8
512 4198 647 4249 conminxit
652 4196 777 4263 Scoliyero
787 4197 881 4248 debetur
927 4198 958 4248 10
967 4197 1032 4250 Ieme
1040 4200 1155 4266 loquetur
1164 4218 1225 4252 anus
1235 4200 1365 4267 Calpurnio
1375 4202 1475 4255 &boner
