3542 5167
445 653 488 726 ω
865 668 1034 731 mma

508 877 642 939 surgere
664 857 732 920 ism
755 866 895 939 tempus,
917 858 983 930 iem
1005 856 1138 940 pinguis
1153 855 1301 939 linquere
1316 877 1462 922 moneas:

507 975 575 1039 iam
597 977 708 1039 ueniet
729 977 834 1059 uirgo,
857 976 924 1040 iam
947 974 1075 1041 dicetur
1097 976 1309 1060 hymenaeus,

465 1096 486 1159 5
508 1094 642 1180 Hymen
664 1116 684 1159 o
708 1094 910 1179 Hymenaee,
933 1094 1068 1178 Hymen
1091 1094 1169 1160 ades
1190 1116 1209 1160 o
1230 1095 1434 1180 Hymenaee.

507 1334 649 1409 oernitis,
671 1333 838 1415 innuptae,
860 1332 1021 1404 iuuenes?
1042 1334 1226 1418 consurgite
1248 1342 1380 1402 oontrs:

506 1453 664 1516 nimirum
687 1461 811 1516 oetaoos
834 1451 979 1516 ostendit
1001 1452 1137 1516 noctifer
1159 1453 1249 1536 ipses.

427 1658 461 1733 Ι3
478 1658 584 1726 pingues
608 1657 620 1705 ΙΙ
639 1657 656 1709 ‘i
674 1657 798 1709 Nimirum
817 1657 865 1708 hoo
882 1674 926 1708 eos
950 1657 962 1705 ΙΙ
982 1656 1062 1708 imber

443 1828 552 1861 nsannurn
565 1808 675 1861 Muretus
687 1819 710 1859 et
726 1809 773 1859 alii
779 1810 898 1873 secarunt,
917 1809 960 1859 hoe
972 1807 1121 1875 Spenpeh'us,
1140 1811 1183 1874 qui
1195 1811 1229 1874 (in
1243 1808 1355 1860 Seebodii
1365 1812 1463 1861 archivo

445 1913 504 1945 nouo
522 1914 546 1945 a.
564 1894 635 1945 1828
652 1895 676 1955 4,
695 1893 759 1958 101)
775 1902 831 1958 post
855 1894 887 1943 41
906 1894 1003 1958 putauit
1023 1911 1114 1943 uersum
1137 1895 1286 1959 interceptum
1309 1912 1367 1944 esse.
1405 1895 1462 1945 Rie-

444 1980 495 2030 sius
514 1989 635 2043 utrumque
653 1978 795 2043 inprobavit.
831 1977 960 2043 ›Soenpeiio
978 1979 1028 2027 iure
1045 1978 1220 2041 Froehh'chius,
1243 1980 1286 2044 qui
1307 1980 1402 2045 insuper
1424 2000 1462 2031 uu

444 2065 481 2116 4θ
498 2073 520 2113 et
538 2063 571 2113 41
589 2062 746 2127 transposuit,
768 2061 856 2114 Rossb.
880 2062 989 2114 Leutsch.
1013 2062 1100 2113 Pleitn.
1123 2063 1221 2114 adsensi
1240 2074 1301 2115 sunt.
1340 2065 1416 2113 maior
1434 2064 1464 2113 de

444 2168 538 2201 mmero
555 2166 664 2199 uersuum
680 2147 831 2212 stropharum
849 2139 873 2202 Δ
896 2158 919 2198 et
935 2140 968 2203 A'
985 2150 1066 2199 existit
1082 2148 1208 2211 dubitatio,
1236 2167 1296 2213 quas
1319 2147 1463 2214 Hartunpus

443 2247 466 2287 et
482 2234 613 2287 Koechlius
631 2234 663 2298 (l.
681 2235 719 2299 e.)
736 2252 855 2295 senorum,
880 2234 1044 2287 Froehliehius
1063 2244 1085 2283 et
1102 2232 1200 2284 Riest'us
1218 2244 1360 2295 octonorum,
1385 2232 1463 2284 Pten-

442 2339 512 2373 nerus
530 2336 676 2381 nounwrum,
694 2319 834 2369 Leutschius
852 2330 929 2371 autem
951 2321 1060 2371 denorum
1080 2337 1188 2370 uersuum
1194 2320 1278 2384 fuisse
1295 2319 1461 2371 cantemus-unt.

442 2408 539 2471 denique
548 2416 574 2455 ut
582 2422 689 2455 uersuum
701 2422 809 2455 numerus
820 2415 863 2455 str.
884 2399 901 2484 β
923 2418 946 2457 et
969 2400 994 2485 β’
1016 2414 1127 2456 accurate
1135 2414 1276 2471 conprueret,
1287 2402 1398 2455 Naekius
1407 2423 1460 2455 uer·

441 2511 492 2544 sum
509 2492 543 2543 14
560 2490 585 2539 in
603 2489 664 2540 libro
686 2491 785 2541 thuanea
802 2492 853 2541 solo
871 2502 990 2542 seruatum
1012 2491 1135 2556 expunxit,
1159 2499 1241 2541 eontm
1262 2489 1414 2540 Hermannus
1437 2492 1462 2540 in

441 2578 541 2644 stropha
562 2572 588 2656 β’
609 2593 702 2626 uersum
722 2576 835 2627 antheum
857 2594 909 2627 esse
930 2576 1007 2626 uidit:
1025 2576 1064 2626 cui
1083 2574 1244 2641 adstipulatus
1267 2574 1389 2640 Hauptius
1406 2586 1463 2642 post

440 2682 464 2717 u.
485 2664 521 2715 65
534 2664 634 2714 lacunae
644 2662 717 2727 sipna
725 2662 813 2727 posuit
838 2680 902 2728 prae
914 2663 1046 2727 hauptiana
1059 2671 1133 2712 tumen
1142 2662 1247 2727 probaui
1257 2662 1371 2711 rationem
1383 2660 1461 2712 Ross-

441 2749 532 2811 bachii,
555 2748 598 2812 qui
611 2755 667 2812 post
683 2764 706 2796 u.
724 2746 762 2796 59
778 2764 871 2797 uarum
889 2748 1038 2812 interceptum
1055 2764 1107 2797 esse
1121 2745 1222 2811 putauit.
1252 2739 1388 2795 Pleitnerus
1406 2756 1461 2796 ante

440 2852 464 2887 u.
472 2834 510 2886 59
517 2849 609 2882 uersum
622 2832 732 2897 supplere
743 2832 800 2894 uult,
809 2842 938 2898 praeterea
949 2832 1010 2884 duas
1022 2832 1134 2897 strophas
1146 2848 1253 2881 uersuum
1265 2832 1386 2896 quinorum
1398 2841 1460 2881 stro·

436 2920 494 2993 phis
512 2933 532 2972 α
553 2926 576 2968 et
596 2912 626 2973 α’
646 2917 811 2983 respondentes
839 2918 863 2967 in
890 2920 1002 2969 carminis
1025 2919 1080 2983 fine
1108 2917 1212 2969 amissas
1241 2934 1292 2967 esse
1318 2918 1460 2969 arbitratus.

440 3015 523 3061 eontra
539 3003 682 3070 Hartunyus
700 3003 840 3053 Leutsohius
859 3003 956 3054 Riesius
974 3004 1086 3069 strophas
1105 2997 1159 3082 βεί
1178 2995 1202 3080 β’
1226 3002 1276 3053 loeo
1299 3001 1389 3067 epodon
1415 3002 1458 3052 ha·

440 3093 499 3151 best,
517 3106 618 3153 quarunt
634 3105 718 3137 susus
735 3098 847 3138 aemrate
864 3088 914 3139 sebi
928 3088 1086 3153 respondeant
1102 3107 1147 3139 non
1164 3089 1198 3139 sit
1220 3104 1319 3139 incesse.
1359 3086 1459 3153 clerique

439 3172 604 3225 Rossbachius
620 3171 799 3237 epiphonemata
816 3173 926 3239 opinatus
943 3183 1013 3224 extra
1029 3174 1179 3239 stropharum
1191 3174 1366 3224 concinnitatem
1378 3172 1456 3223 conlo·

438 3268 494 3310 eata
515 3267 538 3308 et
558 3257 593 3317 rbi
613 3266 702 3307 tannim
719 3267 817 3308 cantata
839 3276 891 3308 esse
912 3259 953 3309 ubi
973 3259 1114 3310 hemiehoria
1136 3260 1253 3325 uirpinum
1269 3268 1292 3309 et
1308 3259 1414 3325 iuuenum
1430 3275 1456 3307 se

438 3344 581 3409 exciperent,
602 3342 707 3408 reliquos
729 3360 813 3394 uersus
830 3344 855 3393 in
871 3344 984 3409 strophas
1003 3354 1026 3395 et
1042 3356 1208 3410 quaternorum
1226 3355 1249 3394 et
1265 3344 1387 3409 quinorum
1404 3353 1457 3408 uer·

437 3447 504 3481 emim
525 3428 615 3479 diruit.
650 3428 688 3479 hia
709 3439 746 3480 est
765 3428 824 3480 ordo
845 3430 913 3481 eius:
939 3429 1085 3491 Prooemium
1104 3430 1122 3481 2
1139 3441 1183 3481 str.
1201 3432 1287 3480 amoeb.
1306 3430 1365 3494 (iau.
1385 3429 1402 3477 4
1419 3445 1458 3479 uu.

435 3494 477 3583 pti
496 3515 565 3581 4·)0h
583 3513 694 3565 Roodas
712 3516 730 3565 2
747 3526 790 3566 str.
808 3517 855 3567 iuu.
875 3515 937 3583 (iun.
956 3518 972 3567 4
990 3517 1037 3568 iuu.
1062 3518 1093 3580 4)
1109 3518 1122 3565 ΙΙ
1137 3515 1251 3582 Mesodos
1271 3516 1287 3565 8
1304 3523 1346 3564 str.
1368 3516 1457 3563 antoeb.

437 3592 472 3675 (α
485 3616 529 3665 pu
548 3601 579 3650 s:
598 3597 627 3652 α’
644 3600 691 3650 uu
710 3602 735 3660 s,
752 3594 825 3677 ppo,
845 3604 880 3651 s.-
898 3594 925 3679 β’
943 3602 990 3652 nu
1009 3604 1036 3663 s,
1050 3616 1068 3675 γ
1083 3596 1189 3665 puae
1201 3618 1244 3666 pu.
1259 3602 1291 3651 t.-
1307 3593 1458 3675 panau

437 3682 521 3749 itud)
537 3684 550 3731 u
564 3681 663 3747 Epodos
681 3683 700 3731 2
716 3693 759 3732 str.
778 3685 825 3734 iuu.
844 3686 905 3749 (itm.
923 3688 940 3736 4
958 3686 1005 3738 inu.
1024 3687 1063 3752 4).
1098 3688 1128 3751 es.
1152 3688 1220 3737 etiam
1245 3685 1418 3736 Rossbachium
1436 3694 1459 3735 et

443 3765 607 3833 Westphalum
624 3766 652 3816 de
669 3784 696 3816 re
713 3777 779 3819 metr.
794 3785 832 3833 pr.
851 3768 887 3818 ΙΙ
899 3771 936 3820 28

539 3851 673 3921 Spiugnis
694 3851 729 3901 T:
745 3852 851 3921 pingues
877 3853 901 3902 V
915 3872 940 3909 ω
1021 3856 1208 3921 deoneurgere
1226 3848 1348 3933 eontrafi

437 3940 573 3994 'i'aetseos
592 3932 623 4019 βζ
641 3948 700 3991 oen
717 3955 760 3989 eos
781 3936 807 3987 T
819 3938 867 3989 boo
884 3956 927 3999 eos
954 3939 978 3988 V
1045 3940 1116 4007 ignee
1135 3934 1461 4021 fissmbresTssimborV

436 4026 532 4079 Oetaeo
549 4045 577 4084 se
594 4025 703 4089 ostendit
726 4023 833 4076 noctifer
855 4024 915 4092 igne
938 4023 1068 4075 Mamilius
1090 4025 1200 4079 Oetaeos
1223 4016 1401 4101 (εθίταῖος)
1429 4047 1456 4090 sa

437 4113 548 4163 ostendit
568 4112 673 4165 noctifer
695 4109 805 4163 umbreis
823 4107 946 4175 Berpicius
961 4109 1045 4173 philol.
1065 4110 1125 4162 XII
1142 4112 1194 4164 581
1216 4111 1325 4164 Oetaeas
1343 4114 1456 4164 obtendit

437 4210 462 4255 n.
473 4200 574 4250 umbros
586 4196 681 4250 surus
693 4214 781 4249 exosas
793 4196 907 4249 obtendit
918 4212 941 4246 n.
955 4198 1055 4248 umbros
1067 4197 1202 4270 Pleitnerus
1215 4199 1316 4251 Ooesno
1328 4217 1356 4250 se
1368 4207 1451 4249 osten-
