3542 5167
435 676 498 749 me
817 696 926 750 txxu
945 696 1017 747 16—
1028 696 1062 748 sc

540 886 602 949 hoc
623 885 733 959 iacies,
756 884 827 947 siue
849 884 883 947 id
906 904 973 946 non
995 892 1069 964 pote
1092 881 1162 945 siue
1184 887 1268 964 pote.

498 1027 517 1069 o
538 1003 594 1081 dii,
611 1006 639 1069 si
654 1011 803 1069 uestrum
819 1011 869 1068 est
882 1002 1041 1077 misereri,
1058 1010 1114 1065 aut
1129 1001 1158 1065 si
1173 1000 1292 1082 quibus
1308 1020 1453 1081 unquam

542 1131 723 1187 extremam
744 1124 811 1186 iem
833 1124 908 1205 ipsu
930 1129 1035 1185 morte
1058 1120 1182 1185 tulistis
1205 1140 1309 1203 opem,

499 1263 552 1305 me
572 1243 731 1306 miserum
753 1242 889 1323 aspicite
912 1250 952 1314 et,
976 1241 1005 1304 si
1026 1240 1133 1304 uitem
1155 1240 1281 1322 puriter
1303 1241 1364 1322 egi,

435 1359 478 1423 20
542 1361 656 1446 eripite
678 1360 763 1422 hanc
784 1366 910 1440 pestem
932 1359 1176 1441 perniciemque
1199 1358 1291 1435 mihi,

500 1499 580 1558 quae
601 1477 685 1543 mibi
707 1498 882 1559 surrepens
905 1479 988 1541 imos
1010 1486 1048 1541 ut
1069 1487 1179 1559 torpor
1201 1478 1236 1540 in
1262 1484 1352 1541 artus

542 1596 669 1678 expulit
691 1618 733 1661 ex
754 1598 844 1661 omni
865 1606 997 1679 pectore
1018 1597 1170 1662 laetitias.

499 1737 565 1779 non
588 1717 655 1780 iam
677 1715 762 1780 illud
786 1737 915 1797 quaero,
940 1724 1052 1780 contre
1066 1718 1127 1779 'me
1149 1725 1184 1779 ut
1206 1714 1322 1797 diligat
1344 1714 1410 1790 illa,

543 1841 609 1909 eut,
631 1833 717 1914 quod
740 1854 806 1897 non
828 1835 913 1915 potis
936 1844 994 1910 est,
1018 1855 1090 1897 esse
1112 1834 1232 1915 pudica
1252 1834 1347 1896 uelit:

436 1950 479 2013 25
500 1951 570 2032 ipse
585 1951 696 2013 ualere
710 1959 786 2032 opto
801 1959 835 2014 et
850 1958 994 2014 taetrum
1010 1951 1098 2015 hunc
1114 1950 1274 2032 deponere
1291 1950 1452 2015 morbum.

543 2089 562 2132 ο
585 2068 648 2145 dei,
671 2067 797 2133 reddite
819 2070 866 2132 mi
889 2070 950 2133 boc
971 2090 1030 2152 pro
1053 2072 1176 2151 pietate
1198 2091 1279 2135 mea.

439 2310 791 2320 ——--———

444 2478 475 2528 18
493 2478 610 2529 Extrema
621 2478 633 2545 ΙΙ
644 2479 724 2545 ipsam
735 2478 747 2544 ΙΙ
758 2478 789 2527 21
810 2478 860 2528 Seu
872 2478 884 2545 ΙΙ
896 2495 1000 2544 corpore
1012 2478 1024 2544 ΙΙ
1036 2479 1069 2527 23
1080 2495 1120 2527 me
1137 2485 1166 2528 ut
1182 2496 1223 2529 me
1234 2478 1245 2545 11
1257 2478 1291 2527 26
1302 2479 1460 2545 proprietate.

440 2651 642 2661 ——u—-u--—

441 2786 508 2817 mum
528 2767 637 2818 offirmas
656 2765 750 2817 Statius
768 2765 880 2832 Scaliper
907 2767 1004 2817 Vossius
1022 2768 1080 2818 dum
1098 2768 1207 2818 animum
1224 2765 1335 2818 offirmas
1352 2766 1457 2833 Hepsius

439 2860 466 2901 tu
484 2852 594 2903 animum
610 2853 694 2902 firmas
712 2850 826 2916 Sculipcr
843 2860 869 2902 te
886 2854 968 2903 auimo
987 2852 1070 2903 firmus
1088 2852 1224 2901 Pleituerus
1242 2852 1312 2915 epist.
1332 2851 1368 2901 35

441 2943 516 3001 etque
534 2937 608 2987 istinc
625 2944 701 3002 teque
719 2937 817 2987 reducis
833 2937 931 3001 scripsit
942 2946 1003 2986 recte
1017 2934 1136 3001 Sillipius,
1154 2936 1216 2985 saule
1235 2945 1310 2985 tamea
1327 2935 1459 3000 explicouit

439 3019 524 3084 (istinc
535 3029 610 3086 teque
622 3020 736 3069 Heinsius
748 3022 863 3085 quoque):
881 3020 948 3081 Quin
966 3029 994 3070 tu
1012 3021 1095 3071 animo
1112 3020 1222 3071 affirmas
1234 3021 1317 3085 itaque
1336 3021 1382 3085 (sic
1394 3018 1457 3069 Sca-

441 3104 513 3170 liper)
531 3106 606 3156 istinc
623 3113 697 3171 teque
717 3106 814 3155 reducis
831 3104 877 3153 Lm
890 3104 964 3170 (Hp.)
982 3112 1057 3171 atque
1075 3105 1148 3155 istinc
1160 3122 1237 3170 usque
1250 3105 1350 3156 reducis
1362 3103 1457 3155 Statius

441 3196 515 3254 atque
533 3189 606 3240 istinc
624 3197 650 3240 te
667 3190 765 3240 reducis
791 3188 889 3238 Vossius
907 3197 980 3253 teque
999 3182 1044 3264 (β)
1077 3188 1152 3240 istinc
1187 3206 1266 3254 usque
1301 3190 1400 3240 reducis
1432 3207 1458 3243 ω

440 3272 604 3338 Rossbachius
621 3283 713 3339 tuaque
730 3274 805 3325 istinc
822 3282 897 3339 teque
916 3275 1013 3330 reducis
1031 3273 1195 3324 dboeblicbius
1212 3282 1288 3339 teque
1310 3268 1383 3324 istinc
1401 3282 1457 3326 tute

439 3357 538 3409 reducis
560 3357 666 3425 Hepsius
688 3358 824 3410 Pleitaerus
846 3368 899 3409 tete
921 3360 994 3411 istinc
1011 3368 1086 3425 atque
1103 3359 1202 3410 reducis
1220 3356 1366 3407 FIacobeius
1376 3359 1457 3423 florii.

438 3440 522 3492 1142
627 3444 659 3495 16
676 3444 753 3496 facies
772 3437 815 3521 βω
837 3444 942 3510 Heysius
968 3445 1023 3496 sace
1050 3446 1084 3495 sis
1113 3442 1225 3508 Scaliper
1253 3443 1328 3494 facito
1358 3441 1457 3493 Vossius

544 3528 574 3577 18
591 3528 736 3580 Extremam
752 3522 769 3604 β
787 3530 849 3580 Lm:
867 3529 985 3579 Extrema
1005 3528 1031 3579 V
1043 3547 1068 3583 ω
1179 3529 1235 3594 ipsa
1254 3520 1271 3604 β
1291 3528 1355 3578 Dm:
1376 3530 1457 3595 ipsam

447 3610 473 3659 V
485 3612 541 3678 ipss
558 3612 584 3661 in
601 3629 626 3665 ω
736 3613 767 3662 21
788 3614 858 3675 Quae
877 3606 936 3689 β’ωῑ
960 3612 1161 3678 SeuVScaliper
1169 3607 1253 3688 Ηείβ
1274 3606 1456 3676 Lachmannus,

439 3695 482 3758 qui
497 3712 519 3743 u.
538 3694 572 3743 19
588 3712 642 3758 sqq.
661 3697 697 3744 sic
713 3696 812 3759 scripsit
827 3698 870 3747 Me
887 3698 1005 3748 miserum
1023 3698 1126 3763 aspicite
1145 3696 1196 3762 (et,
1219 3698 1241 3748 si
1261 3698 1339 3748 uitam
1361 3699 1458 3764 puriter

440 3779 495 3846 egi,
517 3778 613 3845 Eripite
636 3779 701 3829 hanc
722 3787 819 3845 pestem
841 3782 1026 3847 perniciemque
1048 3782 1139 3845 mihi),
1166 3780 1216 3832 Hei
1238 3782 1300 3832 mihi
1321 3797 1457 3850 surrepens

439 3864 502 3915 imos
519 3869 548 3914 ut
565 3870 651 3929 torpor
673 3863 701 3913 in
717 3871 787 3914 artus
804 3864 907 3929 Expulit
925 3882 956 3915 ex
974 3866 1039 3915 omni
1057 3873 1160 3931 pectore
1177 3864 1288 3917 laetitias
1305 3864 1366 3932 (Hp.
1386 3866 1456 3933 Ru).

439 3949 497 4000 Heu
508 3948 580 3998 mibi!
599 3949 736 4014 subrepens
748 3947 811 3999 imos
823 3956 851 3997 ut
862 3957 950 4015 torpor
961 3950 986 3998 in
1005 3957 1074 3999 artus
1092 3947 1217 4015 Meleager
1234 3951 1312 4016 spicil.
1331 3951 1369 4001 32
1385 3952 1457 4002 Haec

440 4033 502 4085 mihi
514 4034 654 4099 subrepens
665 4034 728 4085 imos
739 4034 764 4083 in
774 4033 883 4099 corporis
894 4042 961 4084 artus
972 4032 1066 4084 Statius
1135 4035 1168 4084 22
1179 4037 1289 4087 exsomui
1297 4035 1456 4087 Passeratius

542 4119 576 4169 23
593 4136 633 4169 me
650 4127 679 4169 ut
696 4118 816 4185 Heysius:
832 4135 872 4168 me
889 4126 917 4168 ut
935 4136 975 4168 me
1000 4118 1065 4169 Vnt
1082 4137 1121 4174 me
1142 4113 1184 4198 βω
1207 4122 1253 4172 Lm
1363 4122 1397 4171 26
1414 4120 1455 4170 dei

448 4202 477 4252 V:
494 4205 530 4254 dii
548 4198 592 4281 βω
616 4204 663 4253 Lm
