3542 5167
1302 663 1357 731 XI

334 885 462 930 norum.
506 864 542 927 in
570 864 624 928 fol.
652 880 721 919 1·-111
748 863 856 946 elegia
882 872 996 947 poetae
1018 866 1128 931 nescio
1150 868 1243 933 cuius
1267 888 1357 932 ama·

335 983 419 1048 toria
439 1004 598 1048 uersuum
623 982 688 1046 136
707 990 843 1048 exarata
865 993 929 1062 est,
959 1004 1042 1067 quae
1065 984 1106 1049 ab
1128 984 1182 1050 his
1203 986 1356 1052 uersibus

334 1101 463 1167 orditur
485 1102 597 1167 Orodis
619 1125 664 1166 on
685 1102 754 1167 allo
775 1105 880 1187 mepte
894 1125 966 1167 coro
983 1106 1070 1168 duca
1085 1115 1143 1169 acet
1157 1108 1262 1170 cacia
1276 1128 1358 1170 carc

334 1225 443 1303 Quom
466 1244 546 1304 quae
567 1221 685 1285 soliciti
701 1231 813 1304 pectam
834 1224 976 1286 amentia
998 1225 1089 1288 babet
1109 1231 1143 1287 et
1165 1223 1218 1287 his
1240 1225 1358 1288 linitur

335 1344 373 1407 Si
396 1344 482 1425 qaod
496 1342 662 1405 amiciciae
676 1350 912 1406 monumentum
921 1350 1047 1427 pectore
1061 1350 1197 1419 nostrae,
1222 1343 1258 1407 Si
1274 1345 1359 1425 qaod

334 1465 442 1541 babae,
470 1463 588 1526 medico
615 1483 663 1525 nne
689 1483 759 1545 repe
786 1462 927 1527 concilio.
977 1460 1055 1526 inde
1077 1482 1097 1525 a
1118 1462 1173 1527 fol.
1199 1471 1253 1518 ΠΨ
1272 1461 1358 1526 liber

337 1579 466 1647 Oatulli
487 1581 613 1664 incipit.
662 1581 718 1647 fol.
742 1591 776 1637 Lu
797 1602 940 1647 uacuum
964 1588 1022 1647 cst.
1073 1583 1157 1646 ratio
1179 1582 1357 1646 lectionum

334 1702 520 1777 uariarum,
554 1721 640 1783 quae
667 1720 764 1784 parce
792 1700 977 1784 adscriptae
1005 1709 1099 1780 sunt,
1134 1701 1257 1787 duplex
1285 1721 1357 1766 esse

335 1820 486 1885 uidetur:
504 1820 587 1886 alias
598 1820 688 1885 enim
700 1822 770 1903 ipse
782 1820 891 1885 scriba
902 1820 1134 1897 libriLsimul,
1148 1842 1223 1886 eum
1235 1820 1358 1886 librum

334 1948 499 2015 exararet,
521 1938 658 2017 addidit,
681 1939 764 2004 alias
779 1940 923 2005 dubitari
938 1948 1045 2024 potest
1058 1950 1171 2005 utrum
1186 1938 1283 2016 idem,
1299 1939 1357 2004 sed

336 2060 402 2125 elio
425 2067 575 2142 tempore
597 2068 696 2141 atque
718 2059 845 2123 calamo
867 2069 901 2125 ot
922 2067 1106 2124 atramento
1122 2060 1251 2124 diuerso
1266 2080 1356 2135 usus,

337 2200 380 2245 en
402 2179 488 2245 alius
511 2178 619 2244 scriba
640 2178 692 2243 illi
713 2186 819 2245 aetate
841 2181 909 2244 fore
924 2179 1069 2263 aequalis
1085 2178 1249 2247 adiecerit.
1281 2179 1356 2244 illas

334 2298 515 2365 secundum
536 2300 699 2365 rationem
722 2322 742 2364 a
764 2321 816 2364 me
840 2300 874 2364 in
897 2300 1093 2364 uniuersum
1116 2299 1299 2364 adhibitam
1320 2299 1356 2363 in

335 2418 513 2501 appendice
539 2425 619 2484 nota
646 2419 692 2483 12¹³
716 2418 903 2500 designaui,
937 2419 1007 2497 has,
1036 2420 1130 2501 quasi
1157 2418 1228 2483 sine
1258 2417 1357 2484 dubio

336 2558 457 2603 manus
477 2538 642 2603 secundae
663 2552 783 2615 essent,
808 2550 884 2602 note
908 2538 952 2603 [1²
973 2539 1140 2621 insigniui.
1167 2575 1209 2583 —-
1236 2538 1357 2603 Libros

337 2656 371 2720 D
401 2664 433 2720 et
460 2656 490 2721 L
518 2680 538 2722 a
564 2678 599 2722 se
627 2658 872 2723 accuratissime
895 2658 1043 2722 conlatos
1064 2655 1300 2722 Lachmannus
1321 2656 1357 2721 in

335 2776 479 2842 editione
506 2798 567 2843 sue
594 2787 679 2843 totos
712 2776 930 2861 exhibuit³¹).
987 2798 1047 2861 ego
1080 2784 1248 2860 praeterea
1279 2776 1357 2841 libri

336 2897 510 2981 utriusque
531 2899 762 2973 conlationem,
793 2921 893 2980 quam
920 2902 990 2983 ipse
1012 2898 1263 2982 diligentissime
1285 2899 1358 2972 feci,

336 3020 372 3082 in
394 3039 492 3082 nsum
516 3020 641 3083 uocaui.

440 3136 480 3202 6.·
503 3135 587 3199 liber
608 3136 816 3214 colbertinus,
840 3157 929 3201 nunc
949 3137 983 3200 in
1001 3136 1197 3200 bibliotheca
1212 3136 1359 3219 parisina

337 3256 502 3342 imperiali
524 3278 662 3321 numero
694 3256 778 3321 8234
811 3257 992 3341 insignitus
1027 3256 1126 3340 (olim
1160 3255 1358 3320 colbertinus

337 3374 437 3452 4595,
461 3376 572 3459 regius
595 3375 688 3441 6150.
711 3377 849 3460 aaa),
884 3376 918 3439 in
951 3373 1152 3439 membranis
1185 3375 1358 3457 magnifiee

294 3548 297 3551 Δ
340 3496 481 3580 scriptus
503 3496 609 3561 forma
631 3497 841 3579 quaternaria
862 3493 992 3559 saeculo
1014 3509 1062 3549 xv.
1105 3492 1250 3557 eontinet
1270 3491 1357 3556 foliis

338 3631 430 3671 mn
463 3614 636 3680 Tibullum
664 3623 697 3681 et
729 3614 908 3679 Catullum.
968 3611 1093 3678 catulli
1126 3612 1209 3676 liber
1241 3612 1359 3696 incipit

338 3733 394 3799 fol.
425 3746 573 3813 xxxv¹11¹¹,
615 3735 731 3800 finitur
767 3734 823 3799 fol.
857 3744 978 3810 Lxxw,
1028 3734 1062 3796 in
1101 3753 1165 3816 quo
1204 3739 1270 3795 tres
1306 3731 1356 3796 nl·

339 3854 413 3918 timi
436 3854 514 3918 libri
536 3855 707 3920 catullieni
729 3874 846 3918 uersus
869 3860 953 3917 sunt.
989 3854 1138 3919 conlatus
1161 3860 1211 3915 est
1233 3850 1356 3915 colber-

398 4045 430 4096 31
450 4044 510 4112 quid
528 4044 648 4097 iudicium
666 4063 680 4095 a
697 4044 842 4095 Froehnero
860 4040 946 4110 philol.
964 4040 1041 4094 XIIII
1058 4039 1108 4089 ote
1125 4040 1157 4089 de
1175 4038 1356 4092 conlationibus

339 4130 493 4183 Lechmanni
515 4130 608 4181 fectum
631 4129 715 4179 ualent
736 4130 791 4195 ipse
813 4126 984 4180 demonstreui
1006 4142 1046 4191 qu.
1070 4130 1117 4175 oet.
1136 4122 1150 4176 I
1168 4125 1192 4175 4.
1234 4123 1264 4175 ei.
1283 4125 1358 4177 etiam

338 4217 486 4269 Edmnndus
509 4216 619 4268 Fsitnius
641 4231 724 4282 progr.
746 4232 830 4283 gymn.
847 4211 1000 4265 belbemtad.
1019 4228 1042 4263 a.
1066 4207 1131 4261 1866
1147 4210 1205 4277 p.2

1119 4311 1155 4364 b*
