3542 5167
875 900 979 968 XXV

482 1002 626 1101 Cinaede
647 1017 775 1115 fflhalle,
796 1037 930 1103 mollior
957 1036 1103 1102 cuniculi
1125 1035 1245 1120 capillo

481 1155 536 1219 uel
558 1156 684 1221 anseris
707 1156 888 1221 medullula
908 1156 965 1220 uel
985 1155 1089 1220 imula
1111 1154 1263 1220 auricilla

481 1273 537 1337 uel
558 1293 641 1355 pene
662 1273 818 1356 languido
845 1275 933 1338 senis
955 1275 1087 1355 situque
1113 1292 1278 1348 araneoso,

481 1390 635 1471 idemque
658 1390 776 1455 Thalle
797 1392 932 1457 turbida
952 1393 1101 1475 rapacior
1121 1390 1271 1473 procella,

438 1508 459 1571 5
481 1527 557 1571 cum
578 1508 668 1572 Diua
689 1513 893 1575 munerarios
915 1510 1058 1576 ostendit
1079 1508 1264 1584 oscitantes,

480 1626 612 1690 remitte
632 1626 773 1709 pallium
794 1628 879 1693 mihi
900 1650 1021 1705 meum,
1050 1626 1136 1709 quod
1157 1625 1323 1699 inuolasti,

481 1742 716 1825 sudariumque
738 1745 909 1810 saetabum
937 1745 1215 1829 catagraphosque
1240 1743 1371 1826 thynos,

480 1864 599 1944 inepte,
621 1881 704 1943 quac
724 1865 837 1946 palam
858 1862 944 1927 soles
966 1862 1086 1926 habere
1109 1868 1269 1943 tanquam
1291 1860 1389 1924 auita.

481 2000 562 2060 quae
584 2000 672 2045 nunc
692 1982 759 2045 tuis
780 1981 821 2045 ab
843 1980 1010 2065 unguibus
1031 1979 1197 2062 reglutina
1217 1984 1252 2042 et
1272 1978 1413 2054 remitto,

420 2097 461 2161 10
482 2118 524 2162 ne
544 2097 679 2163 laneum
701 2099 902 2164 latusculum
916 2100 1107 2179 'manusque
1129 2095 1324 2161 mollicellas

485 2300 558 2352 XXV
580 2302 621 2352 Ad
638 2302 735 2353 Tallum
762 2312 775 2361 11
802 2302 947 2353 2medulls
975 2310 987 2359 11
1016 2301 1136 2353 moricilla
1159 2310 1172 2359 ΙΙ
1195 2298 1320 2351 bmulier
1337 2315 1398 2349 aues
1417 2306 1429 2354 ΙΙ

486 2417 558 2471 XXV
577 2420 594 2471 2
612 2421 724 2472 auricilla
743 2421 796 2486 (uel
810 2422 890 2486 potius
908 2420 1016 2488 oricilla)
1034 2420 1129 2471 debetur
1147 2418 1273 2485 Scalipero
1341 2418 1357 2467 5
1377 2433 1435 2491 mu-

418 2504 530 2554 nerones
547 2504 731 2567 Laodamiam,
753 2506 796 2569 qui
816 2503 911 2555 addidit
934 2506 1093 2555 ‘manuarias
1110 2504 1205 2568 estqui
1221 2519 1318 2553 manem
1339 2500 1382 2551 dot
1398 2499 1437 2549 uel

418 2588 505 2637 inuitus
527 2597 550 2637 et
571 2590 684 2640 oscitanti
703 2590 789 2656 raptu'
822 2590 876 2656 (ari
901 2590 1045 2641 coniecturae
1070 2588 1133 2639 locus
1160 2586 1304 2645 Quintilium
1318 2584 1401 2636 VH]
1418 2584 1437 2634 3

419 2673 463 2735 34,
481 2673 598 2737 adquam
617 2673 729 2741 Sillipius
747 2692 808 2725 cens.
825 2674 881 2725 295
900 2674 1049 2738 prouocauit,
1072 2674 1114 2723 alc
1137 2673 1230 2737 offlam
1249 2669 1352 2737 puteal:
1380 2668 1439 2733 quid

418 2756 527 2806 lobumlt
546 2757 572 2807 V
584 2776 630 2807 aon
644 2759 719 2823 plum
736 2768 821 2807 catum
838 2766 880 2808 ast
902 2757 1009 2808 actiones
1029 2758 1140 2807 librorum
1157 2758 1218 2806 inter
1236 2755 1358 2819 (mulier)
1376 2770 1436 2804 aues

419 2841 484 2891 aries
503 2850 527 2890 et
543 2841 660 2907 (mulier)
678 2859 739 2893 auos
757 2842 823 2893 arios
846 2852 869 2892 et
886 2841 1004 2909 (mulier)
1022 2842 1083 2892 alios
1102 2840 1231 2891 cacillant.
1253 2838 1317 2904 qaod
1334 2838 1383 2888 loco
1400 2838 1437 2887 ul·

419 2924 474 2973 timo
487 2926 561 2989 posui
577 2925 640 2977 alios
657 2926 708 2976 sine
725 2925 795 2976 dolio
812 2943 842 2975 ea
859 2926 1038 2991 interpolatione
1055 2933 1135 2975 natum
1152 2934 1188 2974 est
1277 2923 1344 2973 Dius
1366 2921 1438 2987 (diua

419 3006 480 3074 Lm)
498 3018 534 3057 est
550 3008 666 3059 Lucano
684 3010 732 3073 (cf.
751 3008 870 3075 Leyserus
889 3026 945 3058 ann.
963 3008 1034 3059 Icta.
1053 3007 1115 3057 XV
1128 3007 1178 3073 37)
1197 3005 1236 3056 uel
1253 3005 1379 3055 Larunda.
1403 3006 1434 3068 cs.

419 3089 519 3140 Placidi
533 3092 566 3157 ql.
582 3110 609 3157 p.
624 3092 676 3142 478
695 3091 770 3157 (Mai
787 3093 859 3144 cluss.
878 3102 940 3142 aaut.
958 3093 1007 3156 ΙΙΙ)
1024 3092 1174 3154 horandum,
1192 3108 1265 3157 quam
1277 3090 1378 3156 quidum
1390 3089 1438 3140 Di·

419 3189 476 3224 uum
494 3175 543 3239 (sie
549 3192 598 3241 pro
610 3176 677 3227 uiam
689 3176 786 3244 scapus)
796 3176 1054 3242 dicuntmullerarios
1068 3169 1084 3254 β
1099 3175 1221 3241 Hauptiua
1230 3174 1294 3225 Lm*
1307 3173 1369 3226 Cum
1377 3174 1438 3226 luna

419 3257 574 3310 mulierarios
587 3259 691 3326 Heysiua
703 3259 766 3313 Cum
778 3261 837 3336 diua
848 3261 966 3311 muttiens
978 3277 1038 3313 aues
1049 3260 1172 3326 Berylrs'as
1187 3278 1245 3310 mus.
1258 3260 1323 3311 rhen.
1336 3258 1369 3307 X
1373 3257 1438 3310 Vllll

424 3341 479 3393 605
498 3344 605 3395 Luscius
626 3344 715 3396 mulier
737 3353 765 3395 ut
786 3353 858 3397 nates
875 3345 1025 3396 Fructuosus
1047 3363 1105 3397 mus.
1128 3346 1194 3395 rhea.
1212 3341 1343 3395 X111149
1375 3342 1437 3393 Cum

419 3427 476 3479 dira
492 3429 559 3481 malo
575 3447 620 3497 per
637 3430 710 3482 alites
732 3428 919 3481 Osctwencaas
932 3430 1019 3496 philol.
1037 3430 1091 3482 ΧΗ
1106 3431 1161 3481 453
1188 3430 1249 3481 Cum
1272 3428 1304 3479 de
1322 3428 1363 3479 uia
1381 3445 1436 3479 mu-

419 3512 467 3565 lier
484 3531 544 3564 aues
562 3513 674 3581 Scaliqer
691 3532 716 3567 (o
748 3515 809 3565 Cum
827 3516 887 3566 dius
903 3516 994 3566 mulier
1012 3516 1066 3580 (uel
1076 3515 1171 3580 mater)
1190 3513 1261 3565 alites
1273 3513 1383 3564 ostendit
1394 3529 1437 3563 oc-

420 3599 530 3649 cinentes
548 3615 573 3652 ω
597 3600 659 3649 Cum
677 3599 732 3649 dira
749 3600 825 3650 muris
842 3601 922 3652 hiems
941 3601 1012 3666 (loeo
1026 3610 1083 3666 post
1104 3598 1250 3665 Galarinum)
1272 3599 1376 3665 scaphas
1395 3614 1436 3648 os·

419 3682 500 3732 tendit
517 3689 660 3733 aestuantes
671 3682 772 3737 Pollius
791 3684 843 3735 lact.
861 3684 1100 3735 acconensium
1119 3700 1187 3734 mero
1205 3683 1288 3748 grauis
1306 3699 1333 3732 ss
1351 3690 1436 3732 osten-

419 3766 458 3816 dit
475 3765 619 3815 oscitantem
636 3764 763 3814 Boelsmius
781 3783 820 3829 qu.
838 3774 884 3815 cat.
903 3766 942 3815 20
963 3767 1025 3816 Cum
1042 3766 1118 3816 denis
1141 3766 1232 3816 mulier
1248 3766 1315 3815 uiros
1333 3764 1438 3815 offendit

420 3850 555 3902 oscitantes
577 3848 739 3898 Froelliolius
766 3849 828 3900 Cum
850 3849 936 3901 deuias
960 3850 1023 3901 mari
1045 3850 1130 3899 trabes
1156 3847 1260 3899 offendit
1290 3849 1437 3901 obnutantss

424 3934 533 4000 Glampcr
543 3933 642 3984 miscell.
650 3932 736 3998 philol.
754 3939 777 3983 et
788 3932 895 3999 poedoq.
908 3932 991 3984 11147
1009 3933 1051 3998 (ef.
1065 3930 1163 3981 Heinsii
1178 3931 1232 3983 oda.
1255 3931 1327 3999 640).
1346 3951 1437 3984 oasam

420 4020 436 4069 5
453 4018 493 4069 del
506 4018 652 4085 Doers'apiur
668 4017 782 4069 Handlus
801 4020 850 4067 obs.
868 4016 914 4078 35,
932 4017 1015 4081 qualus
1033 4016 1200 4067 Sclwenclu'us
1218 4035 1308 4082 qaoque
1328 4019 1437 4071 dubitau-

422 4112 456 4151 ter
478 4103 611 4154 αᾰειητίιιιν
711 4102 727 4154 7
751 4102 979 4169 chirographosque
1001 4099 1113 4167 Scoliper
1135 4103 1353 4171 cerographosqne
1377 4103 1436 4155 Sul·

422 4185 510 4236 masau
528 4186 563 4238 od
578 4188 631 4240 tut.
649 4187 714 4254 Any.
729 4206 755 4253 p.
768 4187 819 4239 412
927 4185 959 4236 10
980 4186 1094 4254 natisque
1118 4184 1229 4253 Soaliycr
1252 4186 1330 4254 (w
1353 4187 1377 4237 t'a
1399 4184 1434 4236 sd.
