3542 5167
398 660 449 729 VI

398 869 563 950 originem
583 869 780 949 traxisse²⁰t
825 890 942 933 uerum
965 869 1054 933 enim
1075 889 1154 933 uero
1175 890 1240 933 non
1264 869 1413 933 omnium

398 986 557 1051 librorum
586 990 641 1070 qui
669 989 861 1052 ueroneusis
891 988 1034 1070 exempli
1056 988 1176 1071 posteri
1199 997 1278 1053 suut
1299 987 1413 1052 eadem

397 1105 544 1171 condicio
565 1115 628 1177 ost:
652 1108 687 1171 in
710 1108 785 1171 aliis
806 1106 897 1171 enim
920 1106 961 1171 ab
983 1107 1135 1190 exemplo
1157 1107 1332 1171 uerononsi
1347 1116 1412 1171 tra·
1440 1151 1443 1158 ι

398 1226 474 1301 dita,
498 1228 650 1308 quamuis
672 1235 781 1291 essent
800 1226 973 1307 permultis
989 1227 1069 1291 locis
1084 1234 1247 1308 corrupta,
1269 1227 1415 1290 maxima

397 1345 478 1409 loeis
501 1346 597 1428 longo
619 1345 773 1427 plurimis
795 1346 861 1410 fide
884 1354 1017 1411 seruata
1039 1354 1126 1423 sunt,
1148 1347 1184 1409 in
1207 1346 1281 1410 aliis
1304 1347 1414 1410 miuus

396 1463 559 1547 religiosis
575 1464 862 1546 interpolationem
879 1474 1010 1530 cautam
1025 1475 1082 1531 aut
1104 1466 1317 1548 inportunam
1339 1465 1412 1529 feli·

397 1604 468 1647 eom
494 1593 553 1648 aut
579 1583 746 1648 infelicem
773 1585 879 1649 rarius
910 1594 969 1650 aut
998 1585 1201 1667 frequentius
1232 1584 1412 1667 deprehen-

396 1702 565 1785 dimus²¹t
620 1704 738 1768 horum
768 1704 929 1767 librorum
963 1703 1225 1767 adulterinorum
1259 1702 1413 1765 lectiones

396 1823 610 1904 quantumuis
638 1841 734 1902 saepe
763 1822 911 1903 egregias
939 1840 1014 1884 oum
1048 1840 1106 1901 per
1139 1840 1173 1882 se
1205 1827 1316 1901 pateat
1347 1840 1412 1882 nou

396 1940 500 2024 pluris
523 1962 621 2022 quam
644 1942 846 2005 coniecturas
869 1961 978 2005 meras
995 1938 1217 2005 aestimandas
1233 1959 1313 2014 esse,
1336 1938 1413 2002 libri

396 2060 564 2125 catulliaui
586 2060 732 2124 recensio
753 2069 821 2124 tota
843 2059 884 2124 ad
908 2058 1241 2129 normamlibrorum
1270 2060 1415 2123 maxime

397 2180 599 2245 siucerorum
622 2179 806 2263 deregenda
828 2190 898 2245 cst:
933 2181 965 2244 id
989 2180 1075 2262 quod
1098 2181 1225 2262 primus
1247 2179 1416 2262 praeclaro

397 2505 563 2556 tullianornm’
585 2504 729 2572 conposuit,
752 2517 779 2555 et
800 2524 815 2555 s
838 2504 971 2555 Leutschio
993 2504 1009 2555 l.
1032 2522 1053 2554 c.
1076 2504 1142 2555 dicta
1160 2513 1217 2555 sunt
1234 2504 1334 2555 minime
1353 2504 1415 2554 satis
1467 2502 1469 2506 ’

396 2590 480 2641 iecere
507 2602 610 2657 possunt
752 2590 788 2639 20
808 2590 881 2640 huius
905 2588 941 2638 rei
965 2598 1113 2655 argumenta
1135 2606 1214 2655 pauca
1236 2589 1345 2639 afferam.
1388 2588 1414 2638 in

396 2675 467 2725 libris
492 2674 624 2727 ocuflcu
650 2683 677 2726 et
701 2675 815 2725 omnibus
841 2672 915 2723 Statii
941 2690 1029 2724 uersus
1054 2688 1114 2728 va
1140 2673 1157 2724 9
1180 2673 1300 2736 Alloquor
1318 2671 1415 2722 audiero

396 2777 513 2823 samam
548 2769 589 2809 tao
615 2797 621 2811 .
649 2797 657 2812 ,
686 2759 811 2822 loquentem
848 2758 955 2808 omissus
989 2765 1036 2809 est.
1101 2757 1193 2823 legitur
1226 2765 1308 2809 sutem
1339 2757 1360 2807 is
1389 2756 1415 2806 in

397 2842 662 2895 Dueprpapuuunr.
694 2844 733 2894 fae
761 2852 790 2893 ut
818 2842 858 2892 hio
886 2858 975 2893 uersus
1004 2842 1029 2893 in
1059 2842 1144 2893 codice
1173 2842 1304 2892 senonensi
1333 2842 1415 2901 suerit,

396 2928 471 2993 qaod,
489 2945 637 2993 quamquam
654 2929 678 2978 si
696 2928 830 2993 inquibus
848 2935 917 2977 extat
933 2927 991 2977 libri
1009 2928 1040 2977 ab
1059 2926 1250 2993 interpolatione
1271 2926 1344 2977 liberi
1365 2944 1414 2977 non

396 3020 467 3073 sunt,
491 3021 575 3063 temen
596 3014 639 3064 nel
661 3023 764 3080 propter
785 3012 898 3063 lacunam
916 3013 942 3063 in
960 3012 1042 3063 medio
1061 3030 1136 3063 uersu
1154 3012 1264 3064 relictam
1281 3013 1357 3063 credo
1374 3011 1415 3078 (cf.

395 3116 428 3151 m.
448 3109 542 3164 quaest.
560 3107 608 3149 cat.
627 3098 716 3161 1277)
738 3127 772 3136 -
795 3099 871 3149 credo
889 3106 974 3149 autam
992 3114 1092 3147 uersum
1110 3098 1175 3149 hunc
1192 3097 1217 3147 in
1236 3096 1322 3148 codiee
1340 3115 1414 3147 uero·

395 3184 469 3235 nansi
486 3200 566 3249 paens
584 3183 753 3235 oblitteratum
770 3183 849 3234 fuisse
861 3212 903 3243 -,
921 3183 1069 3234 sumendum
1087 3191 1126 3233 est
1144 3182 1192 3233 duo
1209 3181 1337 3233 minimum
1355 3182 1415 3232 scri-

395 3270 440 3319 bas
457 3285 489 3319 ox
507 3268 639 3323 coronensi
656 3268 742 3320 codice
759 3268 851 3319 libram
868 3267 962 3319 Catulli
979 3266 1149 3333 descripsisse,
1169 3284 1272 3333 quorum
1291 3267 1355 3317 altar
1373 3283 1414 3315 ra-

395 3354 486 3419 liquias
503 3371 592 3405 uersus
610 3355 677 3406 illius
695 3364 783 3405 tenues
801 3354 957 3420 neglegeret,
976 3352 1040 3405 alter
1058 3353 1165 3404 fideliter
1183 3359 1303 3403 seruaret.
1340 3367 1413 3416 praa·

396 3447 468 3489 terea
489 3438 640 3505 respiciendi
662 3448 722 3490 sunt
743 3457 831 3490 narsus
853 3453 936 3494 Lxlm
958 3436 1117 3498 334-337,
1143 3438 1167 3487 in
1194 3435 1265 3487 libris
1292 3435 1417 3502 plerisque

398 3524 493 3591 (ueluti
515 3524 541 3575 in
563 3524 758 3589 DPlP2PuGu)
776 3525 873 3584 omissi,
896 3532 923 3575 at
939 3524 965 3575 in
983 3523 1077 3575 GCLH
1096 3530 1214 3574 extentes.
1255 3538 1299 3571 cur
1317 3520 1417 3571 omitta-

397 3618 484 3661 rentur
501 3610 551 3659 dixi
569 3625 608 3673 qn.
628 3617 674 3658 cat
692 3625 703 3662 1
723 3610 779 3659 195.
813 3608 924 3673 deniqne
941 3609 1113 3660 consideretur
1130 3623 1191 3662 cxll
1212 3607 1233 3666 l,
1253 3606 1322 3660 ouius
1340 3607 1418 3656 narba

397 3705 508 3745 enrema
530 3709 585 3742 eum
608 3708 688 3758 paene
705 3700 801 3742 certam
819 3692 854 3741 sit
870 3691 1004 3741 scribenda
1020 3708 1078 3741 essa
1095 3691 1131 3740 sic
1149 3690 1238 3739 demost
1258 3690 1311 3752 qui,
1333 3697 1418 3738 tamen

397 3781 422 3831 ia
438 3778 533 3846 optimo
550 3776 710 3844 germanensi
727 3776 762 3826 nil
779 3783 882 3841 promer
900 3775 978 3835 homo,
997 3784 1083 3825 contra
1100 3773 1125 3822 in
1143 3772 1199 3823 aliis
1217 3773 1287 3824 libris
1305 3771 1418 3838 plurimis

397 3873 442 3915 snt
463 3864 529 3914 domo
550 3879 595 3928 que
615 3869 660 3913 sut
681 3861 747 3910 lenio
768 3859 813 3910 aad
832 3859 934 3927 legitur.
978 3874 1043 3924 quas
1060 3856 1175 3907 lectionis
1193 3857 1301 3906 uarietas
1319 3856 1355 3906 ita
1372 3872 1416 3905 ex·

398 3949 485 4016 plicari
509 3948 590 4017 possit
615 3957 643 3999 ut
668 3948 722 3999 loeo
748 3947 774 3996 in
796 3945 931 3998 coronensi
952 3944 1017 3995 male
1039 3943 1127 3994 habito
1149 3944 1176 3992 et'
1197 3943 1328 3993 obscurato
1356 3942 1418 3996 alios

398 4035 508 4100 uestigia
525 4036 665 4088 littersrum
677 4032 846 4093 euanidarum,
864 4048 951 4081 aarum
970 4047 997 4081 se
1014 4028 1178 4080 adsecuturos
1196 4043 1252 4078 esse
1270 4026 1373 4088 diffisos,
1392 4028 1418 4077 in

400 4118 553 4184 exemplaria
563 4138 630 4172 noua
638 4119 806 4171 transcribere
816 4116 935 4175 noluisse,
948 4116 1011 4166 elios
1020 4122 1114 4176 contro,
1125 4121 1153 4165 et
1161 4114 1206 4163 hos
1214 4111 1314 4177 quidem
1325 4111 1419 4177 duplici

399 4202 505 4269 radone,
523 4203 689 4257 litterularum
706 4205 825 4273 reliquias
838 4201 964 4269 recepisse
976 4218 1101 4258 sumamus
1168 4198 1202 4252 21
1218 4196 1253 4251 ef.
1272 4196 1382 4263 Heysiua
1398 4196 1416 4246 l.
