3542 5167
376 642 439 708 150
671 664 1090 726 nxxxmc-bxxxnnr

482 871 561 915 sana
583 858 683 915 esset:
705 873 794 917 nunc
816 852 903 937 quod
923 856 1039 938 gannit
1060 863 1094 920 et
1115 856 1313 940 obloquitur,

397 971 418 1032 5
440 990 505 1032 non
528 970 634 1034 solum
650 972 809 1049 meminit,
832 973 900 1052 sed,
922 994 1005 1056 quae
1020 974 1126 1039 multo
1142 977 1247 1041 acrior
1261 985 1314 1043 est
1329 999 1396 1056 res,

485 1089 569 1160 irata
590 1099 654 1154 cst:
678 1090 739 1155 hoe
761 1101 819 1177 est,
843 1094 951 1157 uritur
973 1100 1007 1157 et
1028 1095 1186 1176 coquitur.

778 1353 983 1424 Lxxxssn

440 1490 641 1588 Gnommoda
663 1523 797 1603 dicebat,
821 1528 849 1590 si
871 1528 1002 1609 quando
1025 1529 1195 1594 commoda
1216 1531 1319 1596 uellet

480 1642 593 1719 dicere,
616 1652 649 1707 et
670 1644 807 1711 insidias
830 1648 949 1712 Arrius
971 1646 1143 1725 timidius,

437 1767 469 1824 ct
490 1768 562 1825 turn
583 1762 722 1827 mirifice
744 1765 896 1847 sperabat
921 1786 957 1830 se
979 1786 1051 1830 esse
1073 1765 1222 1832 locutum

480 1903 555 1946 cum
578 1889 739 1965 quantum
760 1892 889 1966 poterat
910 1885 1039 1949 dixerat
1060 1885 1229 1952 binsidias.

394 2001 415 2064 5
437 2000 541 2076 oredo,
565 2003 612 2065 sie
633 2008 749 2078 mater,
774 2003 822 2067 sic
843 2003 946 2067 Liber
968 2004 1154 2069 auunculus
1176 2005 1255 2083 eius,

478 2122 525 2184 sie
546 2128 717 2186 maternus
739 2143 822 2187 auus
845 2121 974 2187 dixerat
996 2129 1094 2204 atque
1117 2123 1202 2188 auia.

439 2238 499 2304 hoc
520 2240 621 2304 misso
643 2241 678 2303 in
701 2238 833 2325 Syriam
855 2241 1045 2324 requierant
1067 2241 1220 2306 omnibus
1242 2262 1352 2307 aures:

371 2478 389 2527 4
406 2477 490 2528 Samia
509 2477 521 2545 ΙΙ
536 2477 553 2528 6
569 2478 680 2545 loquitur
695 2479 706 2545 Η
724 2478 871 2530 LXXXIIII
891 2481 902 2530 l
923 2480 1059 2531 Commoda
1075 2479 1087 2547 ΙΙ
1103 2481 1119 2529 2
1137 2480 1218 2531 errius
1235 2480 1338 2531 insidias
1357 2482 1390 2532 he

373 2565 422 2627 (an
439 2564 520 2614 arrius
537 2564 570 2614 he
586 2564 727 2629 insidiast)
747 2564 759 2631 ΙΙ
780 2565 797 2616 3
814 2575 837 2614 ct
853 2566 870 2615 4
884 2576 942 2630 post
960 2566 992 2616 10
1010 2566 1126 2616 conlocati
1147 2565 1158 2632 ΙΙ
1181 2566 1198 2615 4
1215 2566 1318 2619 insidias
1340 2567 1352 2634 Η
1372 2570 1389 2617 5

372 2648 425 2698 eius
443 2656 481 2699 est
500 2648 512 2714 ss
531 2648 547 2699 7
566 2648 614 2699 Hic
634 2649 645 2715 ΙΙ
665 2649 732 2716 syria

372 2842 468 2886 sentent.
486 2842 588 2884 connou.
609 2831 689 2883 Gs'ssis
706 2834 780 2885 1860
794 2852 820 2899 p.
839 2834 859 2884 3
960 2835 977 2884 4
994 2835 1061 2901 quod
1078 2852 1142 2887 nunc
1161 2827 1204 2911 βω
1308 2835 1392 2901 garrit

374 2910 416 2994 βω
506 2917 523 2968 6
541 2917 645 2969 Incensa
661 2918 796 2969 Pleitncrus
810 2935 895 2983 propr.
914 2920 973 2983 spir.
991 2938 1015 2971 a.
1034 2919 1102 2970 1848
1117 2936 1143 2983 p.
1163 2918 1178 2968 8
1273 2920 1390 2985 coquitur

371 3000 472 3068 Lipsius
484 3002 525 3066 (gf.
538 3002 698 3067 Dousaefilii
708 3013 776 3053 notae
788 3003 812 3052 in
828 3002 914 3053 Catull.
925 3020 952 3067 p.
964 3004 1018 3054 551
1030 3004 1065 3055 cd.
1082 3006 1177 3071 praru.)
1195 3004 1263 3055 1πηῖ·
1278 3004 1392 3070 loquitur

380 3085 404 3134 V
423 3105 448 3142 ω
467 3087 513 3140 Lm

439 3186 585 3240 LXXXIIII
602 3186 657 3238 Hoc
674 3205 767 3238 carmen
789 3186 951 3245 Quintilianus
969 3188 1042 3238 instit.
1061 3198 1122 3239 orat.
1141 3188 1191 3240 15
1209 3190 1260 3253 20,
1284 3189 1311 3239 id
1326 3190 1392 3254 quod

368 3274 461 3338 primus
483 3271 645 3323 APolitianus
667 3271 764 3323 mrbcell,
785 3289 839 3337 cap.
858 3271 981 3322 XVIIII
999 3270 1067 3324 Grut.
1088 3272 1158 3337 lamp.
1177 3273 1196 3323 I
1212 3274 1250 3323 32
1267 3273 1390 3335 intellecit,

373 3359 435 3409 lnce
452 3360 557 3424 respexit
572 3359 662 3409 ucrbrb:
679 3358 704 3409 H
721 3358 822 3409 litterae
840 3358 904 3408 ratio
922 3365 1016 3409 mutata
1033 3374 1088 3408 cum
1106 3359 1261 3424 temporibus
1280 3365 1319 3409 est
1330 3376 1389 3409 sse-

372 3444 436 3512 pius.
470 3444 615 3511 parcissime
632 3461 662 3494 ea
680 3451 780 3494 ueteres
797 3442 836 3493 usi
854 3443 929 3494 etiam
948 3443 974 3493 in
992 3442 1131 3503 uocalibus,
1156 3460 1211 3493 eum
1234 3444 1326 3494 oedos
1345 3442 1389 3491 ir-

373 3547 479 3596 cosque
498 3530 625 3588 dicebant,
647 3529 690 3578 diu
712 3529 804 3579 deinde
826 3537 952 3580 seruatum
974 3545 1006 3579 ne
1030 3528 1222 3580 consonantibus
1240 3527 1387 3593 aspirarent,

375 3624 404 3664 ut
420 3615 446 3663 in
464 3613 595 3662 Graccis
613 3619 639 3662 et
656 3612 682 3661 in
698 3613 863 3680 triumpis:
891 3613 974 3679 erupit
996 3613 1067 3663 breui
1084 3611 1196 3677 teinpore
1213 3611 1302 3662 nimius
1319 3628 1388 3670 usus,

374 3705 403 3747 ut
428 3695 581 3745 eborense
606 3693 835 3746 chenturiones
861 3696 1053 3762 praechones
1075 3695 1157 3745 adhuc
1177 3695 1325 3760 quibusdam
1346 3694 1387 3744 in-

373 3776 550 3848 scriptionibus
567 3784 690 3837 manesnt,
709 3795 758 3841 qua
775 3779 807 3828 de
825 3796 853 3829 re
871 3778 964 3831 Catulli
981 3778 1065 3829 nobile
1084 3777 1238 3844 epigramma
1255 3785 1295 3829 est

373 3866 402 3916 dc
424 3860 605 3926 transpositione
627 3876 736 3909 uersuum
752 3860 769 3911 3
787 3871 810 3910 ct
825 3864 842 3911 4
859 3863 890 3926 cf.
912 3861 1019 3926 Hauptic'
1039 3879 1077 3925 qu.
1101 3861 1138 3911 40
1158 3872 1182 3913 et
1198 3879 1226 3914 m.
1245 3879 1284 3926 qu.
1301 3859 1320 3910 I
1335 3861 1387 3912 195

474 3948 490 3998 5
509 3946 545 3997 sie
562 3943 652 4010 Liber]
675 3943 711 3996 sie
732 3944 797 3995 liber
818 3944 974 3995 Passeratius
992 3945 1107 4011 praelect.
1132 3947 1166 3998 75
1189 3948 1225 3999 sio
1242 3946 1298 3997 ibor
1314 3942 1387 3994 Mar-

373 4033 449 4095 cilius,
467 4031 531 4096 quod
544 4029 702 4081 commendaui
711 4048 751 4095 qu.
763 4028 845 4079 1329
857 4030 894 4080 sic
907 4029 1008 4081 Cimber
1019 4029 1134 4084 Heinsius
1202 4031 1219 4082 6
1232 4031 1322 4083 dixerit
1344 4022 1387 4106 βω

475 4118 565 4181 Credo,
583 4116 619 4168 sic
636 4117 733 4167 mother
750 4115 786 4167 sic
803 4114 879 4165 Liber
896 4114 1052 4168 heuuncnlus
1069 4118 1103 4167 eii
1121 4125 1173 4178 est,
1194 4116 1224 4168 Εἰ
1242 4116 1387 4168 mathomus

374 4199 454 4252 banus
476 4201 567 4251 (luerit
588 4207 663 4266 atque
684 4200 759 4254 lrauia
779 4196 905 4263 Mcleapcr
926 4198 1004 4263 spicil.
1028 4200 1066 4251 32
1168 4198 1185 4251 ⁷
1207 4201 1254 4269 (cc
1275 4200 1324 4252 Hio
1349 4198 1387 4266 V)
