3542 5167
720 709 819 766 mm
833 711 956 771 dtr-15⁶

392 893 497 958 tincta
517 894 601 976 tegit
621 914 714 960 roseo
736 896 887 982 conchyli
909 918 1057 981 purpura
1079 900 1162 966 fuco.

326 1012 368 1075 50
390 1012 471 1077 haec
492 1013 595 1077 uestis
617 1013 733 1094 priscis
755 1014 930 1080 hominnm
952 1018 1079 1082 uariata
1101 1018 1218 1101 figuris

390 1131 529 1195 heroum
550 1132 635 1195 mira
656 1134 797 1197 uirtutes
819 1134 944 1199 indicat
964 1143 1042 1200 arte.

390 1270 534 1332 namque
555 1251 754 1315 fluentisono
775 1261 987 1334 prospectans
1009 1253 1107 1318 litore
1130 1256 1211 1320 Diae

391 1371 517 1434 Thesea
538 1372 705 1435 cedentem
728 1372 826 1436 celeri
847 1393 924 1437 cum
947 1372 1052 1439 classe
1074 1382 1186 1438 tuetur

390 1489 567 1553 indomitos
589 1491 624 1553 in
646 1490 741 1555 eorde
763 1512 881 1574 gerens
906 1492 1056 1556 Ariadna
1077 1493 1213 1570 furores,

326 1611 367 1673 55
390 1609 530 1675 necdum
552 1611 653 1675 etiarn
675 1631 747 1675 sese
768 1631 852 1693 qnae
873 1612 958 1675 uicit
979 1612 1084 1675 uisere
1107 1611 1218 1686 credit,

390 1739 525 1813 utpote
546 1730 658 1794 fallaci
680 1751 764 1812 qnae
785 1738 858 1796 turn
880 1732 1025 1813 primum
1048 1732 1155 1796 excita
1176 1753 1292 1797 somno

391 1849 553 1914 desertam
575 1849 611 1912 in
633 1849 704 1914 sola
723 1850 880 1915 miseram
903 1871 938 1914 se
960 1859 1073 1915 cernat
1094 1872 1200 1916 arena

390 1969 564 2033 immemor
586 1976 621 2033 at
642 1968 773 2033 iuuenis
794 1969 925 2052 fugiens
946 1969 1043 2051 pellit
1063 1969 1150 2035 uada
1169 1972 1278 2048 remis,

389 2089 483 2152 irrita
504 2097 660 2153 uentosue
682 2087 835 2170 linquens
857 2089 1022 2171 promissa
1042 2089 1215 2171 procellae.

323 2206 366 2270 60
388 2227 485 2289 quem
506 2207 621 2291 procul
643 2229 685 2272 ex
707 2208 783 2291 alga
803 2208 939 2272 maestis
961 2208 1084 2273 Minois
1107 2208 1221 2274 ocellis

389 2347 488 2391 saxea
509 2335 555 2391 ut
568 2327 695 2409 effigies
718 2326 909 2392 bacchantis
930 2327 1096 2410 prospicit,
1118 2327 1209 2405 eheu,

389 2445 547 2529 prospicit
568 2456 601 2509 et
622 2446 753 2529 magnis
776 2466 931 2510 curarum
952 2446 1093 2510 fluctuat
1113 2444 1221 2521 undis,

388 2585 455 2628 non
476 2567 565 2631 flauo
587 2567 733 2629 retinens
756 2564 914 2630 subtilem
936 2566 1060 2630 uertice
1081 2566 1225 2641 mitram,

388 2705 453 2747 non
476 2692 622 2748 contecta
645 2683 712 2748 leni
733 2687 893 2748 nudatum
916 2692 1031 2767 pectus
1054 2684 1187 2760 amictu,

321 2802 363 2866 65
386 2824 452 2867 non
474 2805 568 2868 tereti
590 2804 737 2886 strophio
758 2804 912 2869 lactentis
934 2806 1046 2869 uincta
1067 2804 1218 2887 papillas,

323 3007 357 3057 52
374 3008 417 3058 dia
439 3008 452 3055 ll
476 3008 511 3058 54
528 3008 634 3059 adriana
657 3010 669 3057 ll
693 3010 726 3058 55
750 3026 856 3075 seseque
877 3009 917 3059 sui
940 3009 977 3059 tui
999 3026 1026 3060 se
1049 3010 1130 3060 credit
1154 3010 1166 3058 ll
1191 3009 1222 3061 61
1242 3011 1308 3062 hene
1326 3011 1340 3059 ΙΙ

323 3091 357 3141 64
375 3092 486 3143 uelatum

322 3213 356 3261 55
374 3228 430 3262 sese
446 3228 512 3277 quae
529 3212 589 3262 nisit
606 3212 690 3263 uisere
707 3213 788 3263 credit
808 3212 907 3263 Verrius
925 3214 973 3267 ota.
986 3212 1056 3263 202:
1076 3230 1131 3264 sose
1143 3230 1208 3279 quae
1221 3213 1254 3264 sit
1265 3213 1308 3265 uix
1319 3222 1347 3265 et

324 3295 372 3345 sibi
384 3296 466 3347 credit
484 3294 597 3361 Scaliper
615 3314 672 3347 seso
689 3314 753 3362 quae
770 3297 803 3347 sit
814 3305 867 3348 turn
879 3298 977 3364 perdita
990 3297 1070 3348 credit
1082 3296 1213 3347 Maecilius
1226 3298 1342 3347 arterium.

324 3381 355 3429 11
373 3397 429 3431 sese
446 3398 513 3447 qnae
531 3382 612 3433 cernit
629 3398 735 3432 cernere
751 3382 832 3432 credit
850 3381 1014 3431 Froelrlicluiu
1027 3397 1132 3446 seseque
1144 3381 1184 3433 sui
1195 3388 1248 3431 tum
1261 3381 1344 3432 oredi-

321 3466 360 3516 ‹lit
377 3476 432 3516 esso
451 3460 468 3542 β
487 3483 543 3517 sese
560 3483 624 3533 qnae
642 3466 676 3517 sit
692 3464 810 3530 (Statius,
828 3484 856 3518 se
868 3494 902 3504 —
914 3466 936 3517 si
954 3482 1004 3531 qua
1020 3465 1068 3516 fuit
1079 3493 1112 3501 -
1124 3463 1249 3528 Melecper
1266 3464 1345 3528 spicil.

322 3551 366 3611 27,
385 3569 413 3602 se
431 3569 496 3617 quae
513 3552 595 3603 fnemt
612 3552 697 3601 Ardua
715 3550 803 3601 anthol.
819 3560 882 3615 poet.
893 3550 944 3601 'lut
964 3550 1024 3612 146,
1042 3566 1100 3601 seue
1118 3550 1174 3618 ipsa
1185 3566 1255 3600 susm
1267 3548 1345 3600 Heiu-

320 3636 372 3685 siur
389 3635 445 3687 ndu.
464 3636 527 3686 575.
548 3636 614 3701 645)
632 3644 686 3686 turn
704 3634 812 3686 credidit
829 3652 886 3686 esre
903 3634 950 3685 ulii
1050 3632 1084 3686 57
1102 3635 1182 3687 cernit
1200 3626 1243 3712 βω

322 3720 356 3770 60
373 3728 429 3771 acta
445 3720 561 3771 Heinsius
579 3720 635 3771 adu.
657 3721 710 3772 645
813 3719 844 3770 61
865 3720 930 3771 eheu
948 3719 1071 3786 Berplciue
1089 3720 1178 3787 (Rb):
1196 3721 1281 3775 euhoe
1299 3718 1345 3771 Lm

321 3823 426 3860 euoecor
540 3806 575 3856 64
595 3807 715 3857 nudatum
737 3805 827 3870 scripsi
847 3803 895 3855 iud.
920 3805 971 3857 lect
992 3805 1087 3871 dorpat.
1109 3825 1133 3857 u.
1158 3806 1230 3857 1861
1249 3824 1276 3869 p.
1294 3805 1344 3856 14:

321 3893 433 3944 uelatum
452 3890 475 3941 V
493 3909 519 3946 ω
531 3892 577 3941 Lm
587 3892 707 3943 bullatum
717 3890 897 3942 Faunesuuum
906 3890 1030 3943 ARieairae
1039 3910 1094 3943 uun.
1103 3890 1175 3941 Ictu.
1185 3887 1349 3941 LXXXXI

322 3978 381 4029 360
499 3978 532 4029 65
556 3977 677 4028 luctantes
699 3974 809 4025 Isidorus
832 3976 928 4041 oripiu..
942 3974 1064 4026 XVIIII
1084 3975 1122 4026 33
1140 3992 1168 4038 p.
1192 3973 1275 4034 1307,
1303 3972 1346 4035 qui

325 4062 414 4113 Cinnae
436 4064 496 4113 lunc
516 4062 625 4111 auitae
645 4079 738 4111 uersum
761 4061 842 4113 Cinna
863 4061 989 4128 ‘strophio
1016 4061 1138 4112 lactantes
1167 4058 1248 4108 cincta
1273 4056 1343 4121 (ric)

321 4148 436 4215 papillts'
495 4148 618 4199 luctantes
635 4144 747 4194 Muretus
763 4163 789 4199 ω
809 4143 870 4195 Lm*
888 4144 928 4211 (ff
947 4142 1133 4193 Mitsclrerliclii
1149 4142 1200 4192 leet.
1219 4141 1253 4193 51
1275 4140 1344 4192 Corn.

321 4231 438 4283 Muelleri
453 4231 532 4298 spicil.
549 4230 638 4282 Hamb.
660 4229 733 4279 1836
746 4248 773 4295 p.
791 4230 827 4282 16
850 4240 873 4280 ct
895 4228 943 4279 iud.
962 4228 1012 4280 lect.
1031 4226 1099 4293 dorp.
1117 4244 1141 4279 u.
1160 4226 1230 4278 1861
1245 4244 1272 4291 p.
1291 4225 1342 4293 13)
