3542 5167
772 693 848 750 nxn
865 694 981 748 osv-er
1351 681 1393 746 83

438 892 532 946 noete
554 881 658 945 latent
681 882 777 958 fures,
802 904 884 965 quos
907 884 994 949 idem
1018 904 1114 967 saepe
1136 891 1313 960 reuertens,

372 1003 414 1066 35
437 1001 592 1085 Hesperu,
617 1008 742 1065 mutato
765 1004 969 1085 comprendis
993 1004 1126 1068 nemine
1148 1003 1246 1068 Heus.

437 1129 472 1184 et-
494 1120 586 1184 lubet
608 1121 757 1202 innuptis
780 1123 856 1185 fiete
880 1130 911 1186 te
934 1143 1067 1204 earpere
1090 1130 1218 1205 questu.

438 1240 516 1322 quid
534 1248 614 1317 tum,
638 1241 665 1302 si
682 1247 822 1321 earpunt
837 1240 936 1305 tacite
951 1262 1048 1321 quem
1065 1252 1174 1305 mente
1189 1240 1382 1323 requirunt?

439 1359 573 1444 Hymen
596 1380 615 1424 o
638 1359 839 1443 Hymenaee,
863 1360 996 1445 Hymen
1022 1360 1099 1426 ades
1122 1382 1141 1424 e
1163 1360 1363 1444 Hymenaee.

439 1611 476 1664 ut
496 1600 557 1664 flos
579 1599 614 1661 in
638 1597 758 1680 saeptis
781 1607 927 1663 secretus
951 1600 1096 1664 nascitur
1118 1598 1233 1675 hortis,

373 1718 415 1782 40
439 1718 571 1801 ignotus
594 1718 716 1800 peeori,
740 1717 833 1781 nullo
856 1727 1014 1782 contusus
1037 1726 1153 1794 aratro,

438 1859 535 1920 quem
557 1837 707 1901 mulcent
728 1858 836 1914 arnae,
858 1838 970 1903 firmat
993 1838 1050 1914 sol,
1074 1836 1190 1901 edueat
1213 1836 1319 1900 imber

438 2076 549 2158 (multi
570 2076 667 2140 illum
689 2076 791 2158 pueri,
814 2076 938 2139 multae
961 2082 1118 2157 optauere
1141 2075 1291 2160 puellne:

438 2196 526 2262 idem
549 2217 624 2261 eum
647 2197 738 2260 tenni
762 2203 894 2278 emptus
917 2195 1070 2261 defloruit
1092 2196 1205 2279 ungui,

439 2316 523 2381 nulli
545 2316 642 2379 illum
664 2316 768 2397 pueri,
792 2315 904 2379 nullae
927 2325 1081 2397 optauere
1103 2314 1266 2397 puellae),

373 2436 416 2501 45
437 2437 484 2501 sie
506 2436 609 2519 uir-ge,
633 2435 712 2498 dum
735 2436 860 2498 intaeta
882 2443 1003 2511 manet,
1026 2437 1106 2497 <lum
1128 2453 1204 2497 earo
1226 2431 1295 2496 suis
1318 2440 1378 2494 est:

439 2578 514 2620 eum
537 2563 665 2619 eastum
688 2554 798 2619 emisit
821 2554 947 2636 polluto
970 2574 1103 2636 empore
1126 2554 1250 2627 flerem,

441 2696 500 2739 nee
523 2675 634 2758 pueris
655 2673 799 2738 iucunda
822 2679 934 2737 manet
956 2694 1016 2737 nee
1039 2692 1114 2737 eure
1137 2670 1266 2753 puellis.

441 2795 575 2878 Hymen
599 2816 618 2857 0
639 2792 841 2877 Hymenaee,
865 2792 999 2879 Hymen
1023 2791 1141 2856 adeso
1165 2790 1366 2875 Hymenaee.

443 3040 481 3096 ut
503 3032 604 3096 uidua
626 3033 660 3095 in
684 3032 773 3096 nude
797 3034 875 3096 uitis
899 3054 982 3114 quae
1005 3034 1151 3095 nascitur
1173 3052 1253 3095 erue
1284 3052 1286 3054 ’

378 3152 421 3216 50
444 3174 612 3234 nunqnam
630 3174 665 3216 se
680 3153 818 3229 extollit,
835 3175 1005 3234 nunquam
1023 3152 1135 3215 mitem
1154 3150 1272 3215 educat
1288 3171 1397 3224 uuum,

441 3272 497 3337 sed
522 3280 672 3337 tenerum
695 3294 797 3354 prono
819 3272 994 3336 deflectens
1017 3271 1159 3354 pondero
1183 3291 1300 3350 eorpus

379 3414 656 3421 ---.-..-..-.-.--
666 3414 733 3419 -.-.....

377 3480 410 3531 35
433 3479 532 3530 nemine
555 3479 655 3530 eosdem
684 3479 696 3525 ll
723 3478 757 3528 36
781 3480 814 3528 At
838 3477 900 3527 libet
928 3477 941 3524 ll
969 3477 1002 3525 45
1026 3483 1078 3524 tum
1101 3492 1158 3525 eura
1185 3474 1223 3524 sui
1247 3473 1292 3523 sed
1321 3473 1333 3519 ll
1363 3471 1396 3521 47

381 3566 486 3615 ieouuda

377 3718 605 3785 3ssaepe1mane
627 3718 787 3767 Froelliclr'ue
890 3716 922 3766 35
942 3715 1009 3767 llous
1027 3713 1194 3765 &citeriores
1213 3713 1299 3763 eureml.
1319 3714 1352 3763 15
1373 3731 1397 3767 ω

378 3804 449 3855 Lm*:
468 3805 570 3854 eosdem
597 3803 658 3857 Vn)
678 3804 723 3853 Lm
741 3801 803 3868 (Hp.
824 3802 884 3868 Hs.)
989 3802 1023 3852 36
1043 3804 1076 3852 At
1093 3803 1163 3853 lubet
1180 3814 1218 3855 ωῐ
1245 3800 1352 3851 Adlucet
1379 3798 1403 3847 Τ

378 3895 412 3940 At
429 3889 492 3940 libet
517 3889 589 3939 VLm
696 3890 729 3939 37
753 3889 819 3951 Quid
842 3898 885 3938 tua
909 3887 1068 3937 Doederliuus
1091 3906 1144 3937 eor.
1170 3888 1220 3937 lect.
1244 3896 1272 3935 tr.
1295 3886 1398 3948 Erlanp.

377 3977 489 4040 183912.
509 3978 526 4025 5
621 3973 655 4024 39
676 3976 708 4024 l't
725 3975 771 4025 fles
788 3976 832 4041 qui
850 3976 875 4025 in
895 3973 1038 4040 Spenpelius
1058 3973 1106 4024 lect.
1129 3973 1178 4022 101
1196 3982 1218 4021 et
1236 3970 1398 4020 Froelrle'clu'us

480 4062 651 4112 somnusue
671 4059 694 4107 V
713 4070 753 4112 (υἱ
772 4061 903 4111 conuelsus
926 4057 1064 4109 TVossius
1082 4056 1204 4120 Hauptius
1224 4056 1268 4120 (ef.
1288 4074 1326 4119 qe.
1346 4054 1395 4117 28)

376 4145 483 4213 Heyeiue
504 4147 551 4197 Lm
679 4156 735 4211 post
755 4146 786 4195 41
811 4163 894 4195 uersus
916 4144 1018 4195 amissus
1041 4150 1083 4192 est.
1122 4142 1152 4204 ef.
1174 4158 1256 4205 supra.
1300 4140 1399 4191 lacunae

377 4232 449 4299 sique
477 4232 546 4283 nulla
574 4250 617 4298 op.
648 4231 692 4281 Lm
880 4230 914 4281 45
944 4227 1056 4279 Catullus
1085 4226 1111 4276 in
1142 4225 1302 4293 epithalamio
1332 4226 1398 4276 ‘dnm

1140 4328 1195 4379 ll*
