3542 5167
432 1017 569 1114 Codices
598 1049 674 1113 libri
703 1050 874 1113 catulliaui
906 1070 1006 1113 manu
1040 1052 1153 1134 scripti
1187 1061 1347 1135 quotquot

328 1171 425 1235 hodie
452 1178 568 1233 extant
597 1191 637 1232 cx
665 1190 730 1233 uno
758 1168 841 1232 libre
870 1168 1046 1252 archetypo
1069 1168 1207 1235 deriueti
1232 1184 1310 1237 sunt
1324 1175 1346 1256 ).

327 1292 356 1354 is
385 1292 523 1355 fortasse
550 1289 585 1350 in
614 1287 761 1369 (1811182)
788 1288 867 1351 olim
896 1286 1089 1352 adseruatus
1116 1310 1191 1353 cum
1218 1291 1346 1372 pridem

328 1410 475 1490 perierit,
497 1407 537 1471 de
560 1408 631 1470 eius
653 1408 852 1489 proprietate
875 1408 939 1469 nisi
961 1406 1120 1472 librorum
1143 1430 1184 1473 ex
1207 1431 1245 1474 eo
1267 1409 1346 1476 due-

331 1537 437 1590 torum
461 1525 650 1590 condicione
673 1527 862 1589 examinata
883 1525 969 1589 nihil
991 1527 1062 1591 erui
1085 1536 1199 1609 potest.
1230 1551 1345 1594 uerum

332 1646 420 1709 enim
445 1666 520 1709 uero
543 1644 620 1709 libri
643 1645 699 1725 qui
723 1664 762 1707 ex
786 1646 857 1726 ipso
880 1645 1057 1728 archetypo
1081 1646 1146 1709 alio
1171 1646 1257 1711 libro
1281 1669 1346 1712 non

329 1764 553 1827 intercedente
568 1763 723 1847 descripti
739 1764 807 1825 siut
821 1784 909 1826 nune
924 1763 1008 1826 nulli
1024 1776 1209 1847 supersunt.
1244 1765 1348 1829 nihilo

329 1885 439 1948 minus
463 1883 648 1947 coniectura
664 1881 797 1963 adsequi
814 1902 989 1963 possumus
1007 1884 1071 1947 duo
1087 1884 1239 1966 exempla
1254 1885 1349 1949 illine

330 2002 408 2066 olim
425 2001 588 2083 descripta
604 2002 743 2083 fuisse³),
761 2001 902 2065 alterum
920 2022 984 2065 non
1000 2002 1169 2085 integrum
1181 2003 1347 2084 gallicum,

330 2121 472 2185 alterum
502 2121 666 2203 integrum
693 2141 875 2184 ucronense
904 2158 946 2169 -κ
976 2122 1022 2185 818
1055 2120 1200 2185 locorum
1234 2142 1350 2187 caussa

330 2261 442 2304 eorum
466 2239 586 2321 quibus
609 2240 688 2303 olim
711 2255 951 2322 cooperuerunt
968 2240 1177 2304 nominamus
1193 2278 1243 2317 —‚
1268 2261 1347 2322 quo·

331 2382 406 2424 rum
433 2361 594 2424 rationem
624 2360 834 2442 exipsorum
861 2360 1000 2440 postoris
1029 2360 1140 2440 aliqua
1169 2369 1265 2424 tenus
1296 2381 1347 2424 co-

332 2498 486 2561 gnoscere
501 2479 584 2543 lieet.
620 2479 719 2559 isqui
742 2480 839 2542 flores
862 2488 1033 2560 poetarum
1056 2480 1222 2543 uariorum
1247 2480 1348 2542 conli-

335 2598 440 2680 gendo
462 2598 650 2680 exemplum
674 2598 831 2681 gallicum
856 2600 1027 2680 conposuit
1043 2620 1144 2662 unum
1161 2599 1269 2662 solum
1286 2597 1348 2663 Oe·

338 2718 412 2781 tulli
435 2738 566 2781 carmen
591 2719 835 2800 sexagesimum
857 2718 998 2782 alterum
1022 2718 1063 2782 ab
1085 2718 1262 2802 archetypo
1278 2739 1349 2781 mu·

332 2846 444 2902 tuctus
467 2845 524 2926 est.
581 2837 677 2900 hodie
705 2835 770 2900 duo
803 2859 844 2900 ex
877 2838 1030 2920 florilegii
1065 2838 1164 2901 huius
1198 2837 1349 2919 exemplo

331 2956 448 3037 gallico
465 2954 620 3036 descripti
636 2955 714 3019 libri
729 2963 853 3032 extent,
877 2956 960 3020 alter
978 2954 1235 3021 uindobonensis
1247 2952 1348 3038 2774),

400 3129 410 3177 l
441 3128 512 3188 Quae
542 3126 567 3175 in
595 3126 633 3176 liis
668 3126 853 3192 prolegomenis
882 3128 914 3176 de
943 3126 1122 3192 antiquissimis
1151 3126 1278 3181 codicibus
1307 3143 1349 3177 88-

327 3212 440 3262 tnllianis
464 3212 529 3271 dixi,
552 3228 583 3261 88
604 3212 736 3262 maximam
758 3220 860 3277 purtem
882 3228 913 3261 sx
931 3211 1057 3277 prooemio
1079 3210 1131 3261 iud.
1154 3210 1230 3261 schol.
1252 3210 1349 3276 dorpst.

328 3318 348 3349 8.
372 3299 437 3349 1865
456 3297 565 3363 repetite
582 3305 647 3347 sunt.
662 3325 693 3334 —
713 3296 752 3347 De
769 3298 872 3347 historia
884 3297 971 3347 critica
983 3296 1039 3346 libri
1052 3296 1178 3346 catullisni
1190 3294 1220 3345 ef.
1233 3296 1349 3361 1111888-

328 3385 377 3433 tius
399 3393 496 3447 quaest.
520 3382 604 3433 catull.
629 3382 714 3447 (Lips.
741 3381 819 3444 1837)
843 3400 866 3446 p.
886 3380 962 3431 2-tt
980 3380 1108 3445 'theysii
1126 3396 1239 3429 conuers.
1259 3379 1351 3429 Catulli

327 3485 439 3534 german.
458 3468 553 3533 (Berol.
574 3469 650 3532 1855)
669 3485 693 3533 p.
711 3466 857 3517 eto-282
876 3465 1047 3516 Eheutschius
1065 3473 1133 3515 nunt.
1152 3463 1222 3515 erud.
1241 3463 1350 3531 getting¹

327 3571 350 3602 8.
372 3552 435 3601 1855
453 3570 476 3618 p.
498 3550 674 3603 lete-1978
692 3550 849 3601 PBoehmius
867 3560 964 3616 quaest.
984 3551 1067 3601 estull.
1086 3550 1202 3617 (Bonoso
1227 3546 1309 3612 1862)
1327 3566 1350 3613 p.

327 3637 361 3688 23
379 3655 416 3703 sq.
434 3645 461 3687 et
483 3655 547 3703 quse
571 3638 625 3703 ipse
647 3637 698 3687 dixi
721 3636 746 3686 in
764 3636 828 3687 setis
845 3645 982 3687 conuentus
999 3636 1116 3704 philolog.
1134 3652 1245 3703 germen.
1264 3633 1349 3684 misni·

326 3723 393 3773 ensis
412 3721 494 3788 (Lips.
516 3721 595 3789 1864)
614 3740 638 3788 p.
660 3721 801 3772 111-119
989 3722 1070 3773 2hoc
1088 3722 1143 3773 dieo
1161 3738 1210 3771 non
1229 3719 1350 3785 Scaligeri

328 3823 427 3868 888888,
458 3806 502 3872 qui
528 3806 591 3857 18188
617 3807 698 3856 fretus
727 3806 935 3871 interpretatione
962 3806 1149 3873 epigrammatis
1171 3802 1350 3870 BCampessnii

329 3892 361 3941 81)
385 3892 484 3943 homine
511 3892 645 3943 uerenensi
670 3907 748 3941 unum
777 3892 905 3957 exeutplsr
934 3891 1001 3941 unde
1031 3908 1115 3942 omnes
1145 3891 1203 3941 libri
1232 3887 1350 3955 descripti

329 3985 414 4027 essent
434 3978 460 4028 in
483 3977 573 4029 Galliis
597 3976 671 4043 (hinc
694 3977 755 4027 illud
779 3977 957 4044 ‘gallicanum'
980 3975 1109 4042 adpellare
1126 3974 1204 4041 solet)
1223 3984 1350 4041 repertum

327 4079 384 4113 8888
402 4063 542 4126 contendit,
560 4063 605 4113 sed
624 4078 709 4112 eorum
728 4078 817 4113 888888
834 4079 899 4126 quse
918 4061 1042 4127 Hauptius
1059 4068 1156 4125 qusest
1174 4077 1197 4125 p.
1217 4060 1233 4111 3
1251 4059 1350 4125 scripsit

395 4147 412 4197 3
434 4147 466 4201 cs.
490 4148 604 4199 Boehmii
627 4164 667 4212 qu.
692 4165 717 4213 p.
740 4147 774 4197 28
842 4148 860 4195 4
883 4145 914 4198 81.
938 4145 1061 4211 Hauptius
1083 4145 1116 4197 sd
1139 4144 1224 4196 Ouidii
1247 4144 1349 4196 halieut.
