3542 5167
1188 635 1364 717 XXVIIII

449 848 539 930 Quot
560 847 699 914 schedae
719 848 756 912 in
771 847 949 932 archetypo
964 850 1088 915 fuerint
1101 850 1199 917 bodie
1212 873 1281 917 non
1296 853 1364 919 iam

346 977 496 1036 accurate
517 968 682 1053 explorari
704 974 820 1051 potest,
843 968 906 1033 etsi
926 967 961 1031 in
977 967 1071 1035 libris
1085 971 1207 1037 nostris
1222 972 1365 1057 uestigia

345 1111 411 1155 non
434 1087 612 1154 admodum
633 1107 738 1173 pauca
760 1085 881 1151 adsunt
903 1086 1023 1169 quibus
1047 1088 1181 1172 singula
1201 1089 1362 1173 quaedam

346 1210 410 1276 huc
425 1210 606 1293 spectantia
619 1208 850 1273 inlustrantur.
888 1206 1221 1290 hanchuaestionem
1235 1210 1364 1293 primus

344 1329 501 1395 tractauit
520 1327 773 1407 Lachmannus,
802 1328 953 1410 quirem
974 1333 1043 1391 tam
1065 1335 1152 1392 certo
1175 1328 1363 1412 explorasse

344 1449 409 1514 sibi
434 1448 529 1514 uisus
556 1456 607 1513 est
633 1454 672 1513 ut
697 1448 853 1513 uu'meros
880 1448 1078 1531 paginarum
1100 1448 1308 1532 singularum
1329 1456 1365 1514 et

343 1589 501 1635 uersuum
522 1566 732 1653 singulorum
752 1565 830 1631 libri
851 1567 923 1633 eius
946 1564 1033 1631 unde
1053 1566 1130 1632 libri
1145 1589 1235 1633 nunc
1248 1590 1362 1652 super·

343 1687 437 1754 stitcs
464 1685 595 1752 deducti
623 1686 765 1752 suntin
791 1684 945 1751 editionis
972 1706 1052 1751 suae
1079 1686 1285 1771 marginibus
1306 1688 1363 1754 ad·

342 1806 485 1872 scribere
517 1806 598 1872 satis
630 1805 772 1870 haberat.
832 1812 1003 1889 praeterea
1035 1805 1077 1871 ad
1109 1806 1252 1873 calculos
1285 1829 1363 1875 suos

344 1925 483 1992 tuendos
498 1924 684 1990 nihilfecit.
711 1925 828 1990 statuit
843 1934 954 1990 autom
968 1924 1204 1992 Lachnrannus
1219 1926 1363 1994 codicem

343 2045 441 2110 illum
463 2045 911 2129 principem-significauit
931 2066 997 2109 non
1021 2044 1166 2112 codicem
1189 2067 1287 2131 quem
1302 2069 1363 2115 nos

344 2164 492 2228 diximus
521 2164 753 2249 archetypum,
789 2162 846 2227 sed
878 2184 1097 2229 ucronensem
1131 2185 1252 2249 magno
1284 2186 1363 2231 suae

342 2284 446 2369 ipsius
469 2284 651 2348 sentcntiae
670 2282 877 2348 incommodo
889 2283 1080 2368 —paginas
1094 2305 1252 2351 uersuum
1268 2285 1363 2351 trice·

343 2425 462 2469 norum
486 2404 696 2486 septuaginta
718 2425 777 2467 sax
800 2404 1010 2470 continuisse.
1043 2425 1165 2470 munus
1179 2405 1363 2472 sententiae

343 2522 551 2588 Lachmanui
563 2520 776 2606 explicandae
787 2529 821 2588 et
831 2521 1227 2606 defendendaeHauptius
1238 2532 1362 2606 quaest.

343 2649 403 2707 cat.
425 2663 458 2725 p.
480 2640 524 2706 38
544 2661 592 2725 sq.
621 2642 775 2725 suscepit
824 2647 940 2724 postea
966 2640 1115 2727 Heysius
1142 2640 1218 2706 edit.
1245 2662 1275 2728 p.
1298 2637 1363 2709 279

343 2760 552 2827 lachmanni
571 2760 756 2827 rationibus
777 2760 959 2845 inprobatis
974 2782 1088 2827 ueram
1102 2782 1160 2846 per
1174 2761 1267 2846 prius
1285 2761 1362 2827 libri

343 2880 514 2947 catulliani
536 2878 712 2945 dimidium
734 2879 1000 2945 distributionem
1021 2881 1219 2966 paginarum
1241 2890 1274 2947 et
1288 2901 1361 2947 uer-

343 3020 443 3065 suum
464 3021 500 3064 se
521 3000 740 3084 inuestigasse
760 2999 853 3078 dixit,
876 3000 935 3065 sed
949 3001 1058 3083 qualis
1073 3002 1174 3067 fuerit
1188 3021 1255 3066 non
1269 3000 1362 3068 dixit.

342 3140 449 3203 neque
492 3119 584 3185 solus
626 3118 773 3204 Heysius
813 3119 1022 3186 Lachmanni
1066 3121 1363 3189 dinumerationem

341 3240 464 3304 reiecit
500 3246 539 3304 ut
560 3239 601 3304 de
621 3238 811 3305 Froehnero
832 3240 947 3326 philol.
970 3258 1034 3299 x1n1
1053 3237 1116 3306 572
1138 3241 1224 3306 nihil
1246 3242 1362 3319 dicam,

342 3357 509 3440 Bergkius
536 3379 664 3442 quoque
691 3380 775 3425 mus.
798 3359 890 3424 rhen.
911 3373 955 3417 xv
978 3360 1041 3424 507
1069 3382 1134 3425 non
1163 3360 1258 3424 nulla
1279 3381 1362 3442 quae

344 3477 385 3542 ad
413 3477 499 3543 hanc
527 3479 755 3560 quaestionem
781 3483 932 3560 spactant
964 3483 1078 3542 contra
1109 3477 1362 3542 Lachmannum

343 3596 434 3663 dixit
473 3596 614 3681 denique
627 3595 841 3662 PBoehmius
856 3615 910 3679 qu„
925 3603 986 3661 cat.
1001 3617 1031 3681 p.
1048 3595 1155 3663 2-23
1174 3595 1251 3663 data
1264 3616 1363 3683 opera

342 3889 387 3940 pro
404 3872 581 3927 manem
598 3881 625 3927 et
640 3890 673 3932 vr
691 3874 742 3927 ³86
760 3873 958 3934 mentuale
969 3893 1016 3943 pro
1027 3876 1223 3930 excetram
1240 3884 1267 3928 et
1278 3876 1363 3928 bacb-

341 3976 459 4011 mamrum
476 3961 509 4012 sd
525 3961 552 4013 b.
570 3960 587 4014 L
606 3979 631 4027 p.
649 3958 709 4015 370.
745 3960 854 4029 quodam
873 3961 948 4014 modo
971 3962 1082 4014 incertus
1103 3979 1158 4011 sum
1180 3978 1239 4011 num
1261 3960 1363 4014 litterae

341 4044 395 4095 iet
413 4044 588 4114 testerepo
611 4046 679 4099 inter
699 4064 728 4099 se
750 4055 917 4100 commutatae
938 4066 1015 4115 supra
1035 4064 1061 4114 p.
1079 4046 1152 4097 XXV
1175 4061 1220 4096 suc
1241 4045 1296 4098 leco
1313 4046 1365 4099 sint

341 4129 494 4183 conlocatae.
529 4131 616 4183 nescio
633 4132 701 4183 eninr
718 4150 751 4185 an
769 4132 860 4185 rectius
877 4132 919 4185 bic
936 4131 1096 4197 reponendae
1114 4129 1176 4190 sint,
1190 4128 1288 4198 quippe
1306 4149 1363 4185 curu

340 4212 367 4266 in
378 4214 504 4283 scriptura
513 4215 614 4284 capitali
625 4222 653 4269 et
663 4216 756 4269 andeli
766 4217 829 4285 ’I'pt
839 4216 852 4269 1
864 4225 892 4268 st
902 4216 924 4268 Ia
935 4231 1013 4283 saepo
1021 4214 1170 4269 difficillime
1179 4214 1362 4273 discemantur.
