3542 5167
1242 657 1405 727 XXXIII

373 864 487 931 nensis
509 862 679 940 lectiones,
703 860 744 927 de
766 860 886 943 quibus
906 880 1007 944 supra
1028 882 1058 945 p.
1074 860 1145 927 XX
1159 862 1239 941 dixi,
1261 883 1403 948 magnas

373 1002 470 1069 saepe
498 980 714 1046 difficultates
740 987 895 1058 mouent,
926 978 1032 1044 ueluti
1054 1000 1130 1045 oum
1152 980 1405 1066 disceptandum

373 1109 426 1167 est
450 1107 530 1165 utra
556 1099 656 1165 lectio
685 1100 720 1163 in
750 1106 909 1164 contextu
937 1099 1049 1176 fuerit,
1075 1112 1151 1165 utra
1172 1101 1403 1185 superscripta.

375 1226 522 1286 ceterum
543 1220 577 1282 in
601 1219 755 1302 exemplo
776 1219 956 1284 ueronensi
976 1218 1172 1303 refingeudo
1189 1220 1309 1284 codicis
1325 1241 1405 1286 san·

375 1336 603 1423 germanensis
630 1336 824 1401 auctoritate
852 1338 998 1402 maxime
1026 1336 1257 1416 subleuamur‚
1280 1338 1406 1423 quippe

376 1456 433 1540 qui
446 1462 536 1521 recta
550 1456 608 1521 uia
621 1474 663 1520 ex
678 1456 856 1521 neronensi
870 1454 989 1522 ductus
1005 1465 1039 1523 et
1054 1478 1074 1522 a
1088 1456 1226 1524 librario
1246 1458 1403 1541 prudenti

376 1594 415 1641 ae
442 1573 595 1659 diligenti
621 1573 764 1658 scriptus
789 1581 922 1657 praeter
949 1581 1075 1641 eeteros
1107 1576 1329 1642 consulendus
1359 1578 1407 1643 sit

377 1693 495 1775 cuique
516 1694 553 1757 in
574 1692 674 1758 rebus
696 1692 816 1773 dubiis,
840 1699 878 1758 ut
900 1700 977 1777 pote
999 1695 1053 1759 oui
1074 1694 1143 1759 fero
1162 1693 1285 1777 ubique
1300 1695 1404 1779 serip-

377 1821 473 1878 turae
499 1811 662 1878 librorum
689 1813 832 1878 aliorum
860 1813 1099 1897 suffragentur,
1126 1815 1273 1879 maxime
1301 1815 1406 1879 confi·

377 1932 523 1999 dendum
546 1933 599 1999 sit.

479 2049 598 2117 Restat
619 2059 657 2117 ut
679 2072 746 2116 non
767 2052 862 2117 nulla
877 2072 962 2134 quae
976 2073 1044 2116 non
1059 2052 1138 2117 dum
1155 2051 1404 2118 commemorari

377 2178 557 2252 potuerunt
578 2171 619 2235 de
640 2171 795 2235 editionis
817 2191 910 2236 meae
931 2171 1059 2236 ratione
1083 2191 1182 2253 quam
1204 2169 1402 2236 breuissime

376 2302 490 2372 potero
517 2289 667 2355 adiciam.
711 2298 751 2355 ut
777 2290 915 2355 lectores
943 2298 977 2354 et
1004 2291 1040 2353 in
1071 2296 1229 2355 contextu
1258 2310 1406 2372 eaquae

378 2410 602 2474 consentiente
623 2416 681 2474 aut
700 2408 915 2475 dissentiente
929 2408 1015 2473 libro
1029 2411 1204 2474 neronensi
1218 2409 1307 2474 edita
1322 2415 1403 2474 sunt

378 2538 413 2591 et
434 2528 471 2590 in
491 2526 703 2592 adnotatione
724 2526 884 2592 lectiones
906 2546 1106 2592 uerenenses
1129 2548 1228 2609 quam
1244 2526 1404 2591 facillime

378 2645 627 2729 certissimeque
649 2654 884 2730 cognoscerent
906 2666 991 2711 neue
1014 2645 1181 2711 adnotatio
1204 2644 1403 2710 lectionibus

378 2764 555 2830 inutilibus
588 2772 796 2844 oneraretur,
833 2766 980 2849 primum
1012 2766 1049 2830 in
1087 2772 1244 2830 contextu
1281 2762 1404 2831 litteris

378 2882 522 2967 obliquis
549 2905 632 2969 quas
658 2888 811 2950 curetum
842 2906 1000 2951 necamus
1027 2893 1159 2969 praeter
1191 2885 1290 2951 fidem
1323 2884 1403 2952 libri

378 3004 573 3070 neronensis
601 3004 727 3087 scripta
754 3004 962 3088 significaui,
993 3002 1112 3070 deinde
1138 3004 1297 3071 lectiones
1325 3004 1404 3071 libri

378 3123 572 3188 coronensis
604 3121 646 3187 ab
681 3122 893 3189 adnotatione
925 3124 1042 3191 critica
1074 3123 1203 3206 reliqua
1236 3131 1403 3207 separatas

379 3241 550 3307 contextui
579 3241 719 3319 subieci,
753 3251 826 3307 tum
859 3243 1011 3309 lectionis
1043 3244 1155 3309 uariae
1182 3250 1277 3326 parte
1305 3242 1405 3327 longo

378 3359 528 3424 maxima
548 3360 583 3423 in
606 3359 820 3444 adpendicem
842 3362 964 3427 reiecta
986 3362 1166 3443 scripturas
1186 3360 1334 3425 codicum
1348 3361 1404 3426 uel

379 3486 569 3545 nostrorum
590 3479 646 3545 uel
669 3479 812 3545 aliorum
834 3479 984 3563 singulas
1006 3500 1088 3561 quas
1103 3486 1234 3561 praeter
1248 3479 1404 3544 lectiones

379 3618 579 3665 neronenses
601 3599 910 3665 commemoraui-
923 3606 1002 3664 sunt
1023 3620 1103 3665 uero
1125 3600 1308 3665 maximam
1328 3621 1402 3684 par·

379 3723 446 3782 tem
469 3736 551 3800 quas
566 3717 708 3783 dicimus
722 3718 939 3801 interpolatae
951 3757 992 3766 -
1009 3740 1078 3785 una
1092 3727 1172 3786 nota
1188 3722 1205 3808 β
1221 3720 1402 3804 designaui,

381 3834 522 3919 denique
549 3846 587 3901 ut
614 3838 816 3921 ‘complures
846 3845 905 3904 aut
930 3840 1054 3905 multas
1076 3840 1251 3905 editiones'
1274 3845 1403 3923 praeter

378 3954 680 4034 lachmannianam,
703 3958 901 4041 plerumque
918 3958 1176 4024 lachmanniana
1191 3956 1403 4037 antiquiores,

378 4074 604 4158 significarem
630 4083 709 4141 nota
731 4104 757 4140 ω
778 4098 860 4143 usus
890 4099 973 4143 sum.
1028 4076 1127 4140 rebus
1160 4075 1207 4139 sic
1240 4073 1402 4142 institutis

379 4194 593 4277 repetitiones
615 4192 749 4279 quidem
770 4217 837 4261 non
859 4196 973 4262 nullae
995 4194 1114 4258 euitari
1135 4213 1202 4259 non
1216 4201 1403 4279 potuerunt,

1185 4316 1200 4349 Θ
