3542 5167
767 676 999 735 macl-2³⁵

462 866 506 929 sit
526 886 586 930 suo
607 865 726 931 similis
748 866 835 949 patri

505 984 632 1049 Manlio
654 993 687 1049 et
707 986 804 1050 facile
826 985 959 1050 inscicia

507 1105 685 1168 noscitetur
707 1104 749 1189 ab
772 1103 925 1169 omnibus

461 1231 496 1286 ct
516 1223 710 1306 pudicitiam
733 1242 809 1288 suae

375 1339 439 1403 225
505 1342 620 1405 matris
644 1340 766 1406 indicet
787 1362 851 1406 ore.

462 1527 542 1623 talis
564 1529 657 1593 illius
679 1549 697 1593 a
723 1528 808 1593 bons

503 1656 609 1711 matre
631 1649 704 1713 laus
725 1669 830 1732 genus
852 1648 1009 1732 approbet

504 1769 613 1849 qualis
635 1769 732 1832 unica
755 1768 796 1833 ab
818 1770 946 1851 optima

461 1894 568 1950 matre
591 1886 782 1951 Telemacho
804 1896 917 1951 manet

375 2003 439 2069 230
503 2005 592 2069 famu
612 2005 795 2087 penelopeo.

462 2192 606 2258 claudite
628 2194 723 2271 ostia,
745 2194 913 2278 uirgines:

504 2312 645 2377 lusimus
669 2315 757 2378 satie.
803 2324 842 2392 at,
866 2313 964 2379 bonci

504 2432 668 2516 coniuges,
692 2432 770 2497 bene
792 2434 898 2498 uiuite
920 2443 953 2498 ct

461 2573 596 2616 munere
619 2551 749 2617 assiduo
772 2553 939 2618 ualentem

376 2670 439 2734 235
506 2681 653 2735 exercete
675 2672 855 2736 iuuentam.

375 2876 425 2926 222
443 2876 550 2927 insciens
574 2877 585 2924 ll
605 2876 655 2926 224
673 2893 743 2927 suum
766 2878 779 2925 ll
798 2876 849 2927 229
866 2876 1022 2928 thelsnmncc
1049 2878 1061 2925 ΙΙ
1081 2878 1132 2929 230
1150 2878 1288 2945 penelopen
1312 2880 1324 2927 ll
1345 2880 1396 2929 232

374 2962 407 3012 sd
430 2962 442 3009 ΙΙ
462 2961 545 3013 boluei
563 2972 586 3012 et
601 2962 674 3013 bonci
698 2961 711 3011 ll
730 2961 780 3013 233
798 2962 863 3013 bene
882 2962 934 3013 uite
951 2970 977 3013 et
1001 2962 1013 3010 ll
1034 2962 1085 3013 234
1103 2964 1202 3015 assidue

373 3113 425 3166 Sed
442 3116 527 3165 hiante
545 3133 570 3170 ω
587 3115 639 3166 Sed
662 3115 769 3165 micante
793 3113 914 3165 Auectius
1026 3114 1078 3165 222
1100 3116 1164 3167 facie
1188 3115 1341 3167 Burmannus
1363 3118 1398 3168 ed

375 3200 463 3251 cutdol.
484 3198 709 3263 lat.11125(u01.
727 3198 746 3247 Ι
755 3216 782 3263 p.
800 3198 871 3261 305)
892 3209 915 3248 et
932 3197 997 3249 1111
1012 3199 1066 3249 201
1085 3200 1207 3267 (11150)
1227 3202 1287 3252 Lm*
1356 3203 1396 3254 in-

375 3284 456 3336 sciens
481 3285 654 3336 VPlee'tneuus
757 3285 807 3335 223
827 3302 856 3333 ue
871 3285 1019 3349 perpetuitas
1039 3304 1183 3337 uulnercrum
1200 3287 1298 3354 syllaba
1315 3288 1398 3338 ultianus

375 3389 397 3423 u.
419 3372 533 3424 amnibus
556 3375 690 3422 turbaretur
712 3370 787 3421 multa
810 3371 965 3420 coniecerunt.
1009 3371 1103 3422 Manlio
1130 3382 1158 3423 st
1182 3372 1257 3424 facile
1283 3373 1397 3423 omnibus

375 3456 518 3508 Noscitetur
535 3459 566 3508 sb
584 3456 683 3508 inscieis
700 3455 824 3522 Hauptt'us
844 3473 883 3521 qu.
903 3455 946 3517 27,
964 3456 1009 3506 sed
1025 3456 1080 3507 ilica
1098 3456 1183 3508 reiecit
1206 3474 1253 3522 pro
1271 3456 1305 3507 Et
1316 3456 1397 3521 (221)

375 3542 418 3593 Sic
443 3540 618 3592 GHermunaus
641 3542 723 3592 annul.
747 3541 818 3592 Ialu.
844 3539 939 3591 XXII
956 3541 1016 3592 306
1038 3551 1060 3590 et
1082 3541 1285 3592 EKlussmaauus
1309 3540 1396 3605 philol.

376 3626 423 3675 XI
440 3627 502 3676 592.
538 3626 631 3676 Manlio
650 3637 676 3676 ut
696 3655 726 3663 —-
744 3627 794 3677 Sed
814 3628 958 3692 pudicitiam
978 3629 1049 3691 (prob
1068 3627 1159 3693 Leyser
1176 3645 1232 3677 aaa.
1250 3626 1322 3676 Ialm-
1340 3624 1402 3676 XV

376 3713 412 3761 37
430 3710 542 3759 Huude'us
561 3729 599 3773 qu.
618 3720 664 3759 cet
685 3711 730 3775 12)
758 3711 877 3777 Berplciuc
900 3712 935 3761 ad
956 3713 1098 3760 Almone
1113 3729 1140 3776 p.
1159 3712 1198 3761 33
1217 3712 1296 3763 Dulce
1317 3713 1398 3764 rident

375 3797 407 3847 ud
429 3805 526 3863 patrem
547 3793 703 3844 Semiliisnts
725 3795 817 3846 labello
840 3794 881 3845 Sic
903 3814 948 3845 suo
972 3795 1060 3846 similis
1082 3796 1146 3859 putri
1163 3796 1259 3846 Manlio
1278 3805 1306 3846 ut
1323 3797 1398 3849 facile

374 3882 488 3934 amnibus
505 3878 649 3931 Ncscitetur
667 3887 694 3928 et
711 3878 793 3929 insciis
812 3879 975 3929 Frcedle'clu‘us
995 3878 1095 3937 Manlio,
1115 3887 1186 3929 ut-
1199 3878 1343 3933 Noscitetur
1363 3884 1394 3933 ab

375 3965 470 4018 obuieis
488 3963 609 4030 Berpkius
624 3962 709 4028 pluet.
728 3962 803 4013 XVI
820 3964 877 4015 613.
914 3962 957 4014 scd
980 3963 1077 4015 obuieis
1100 3964 1147 4013 iem
1165 3965 1235 4030 prius
1258 3965 1395 4017 Pleituerus

375 4053 472 4119 epithal.
491 4052 526 4103 49
629 4049 677 4101 233
695 4050 759 4101 bens
777 4050 856 4100 uiuite
874 4059 901 4102 et
920 4044 962 4128 βω
985 4047 1066 4101 Lm*=
1088 4051 1151 4101 bone
1170 4050 1221 4101 uite
1240 4060 1267 4102 et
1292 4051 1394 4102 Vbcne

376 4138 437 4189 uitei
455 4151 481 4189 et
494 4131 566 4216 βὶηι
582 4136 688 4188 Veneris
706 4137 785 4188 bonus
804 4135 967 4188 Froedliede'us
985 4146 1008 4190 et
1025 4135 1157 4188 Pleituerus
1226 4136 1276 4187 234
1293 4136 1393 4187 assiduo

378 4213 434 4297 βωῑ
454 4224 556 4276 assidue
581 4222 605 4273 V
619 4224 665 4273 Lm
