3542 5167
761 712 856 766 uxvu
875 712 993 765 13-30
1325 692 1387 760 127

435 900 502 980 qui,
525 918 716 980 quacunque
738 898 862 979 aliquid
884 900 1046 981 reperitur
1067 918 1134 961 non
1155 898 1386 974 benefactum,

477 1016 519 1080 ad
540 1039 594 1081 me
616 1037 730 1081 omnes
752 1018 900 1081 clamant
921 1019 1037 1094 ianua,
1062 1016 1158 1099 culpe
1179 1023 1238 1080 tua
1259 1016 1335 1081 est.''

371 1137 412 1199 15
433 1157 499 1200 nen
521 1137 607 1200 ietue
628 1137 709 1201 satie
731 1142 869 1201 estune
891 1143 923 1200 te
946 1137 1052 1201 dicere
1074 1135 1185 1212 uerb0‚

476 1254 534 1319 sed
555 1256 661 1319 faeere
683 1263 722 1319 ut
744 1256 853 1338 quiuis
875 1256 998 1320 sentiet
1020 1261 1052 1320 et
1073 1256 1194 1321 uideat.
1224 1263 1228 1268 ’

437 1377 504 1456 ‘qut
525 1374 680 1455 possum?
701 1394 798 1438 nemo
820 1375 949 1456 quaerit
969 1394 1030 1439 nee
1052 1375 1135 1439 seire
1157 1373 1301 1441 laborat?

478 1512 538 1555 nos
560 1492 729 1555 uolumus:
750 1491 845 1556 uobis
867 1492 975 1556 dieere
997 1514 1039 1555 ue
1061 1492 1183 1557 dubita.

438 1610 592 1691 ‘primum
613 1610 725 1691 igitur,
747 1610 843 1692 uirgo
864 1611 951 1690 quod
973 1611 1079 1674 fertur
1101 1593 1222 1674 tradita
1243 1611 1346 1686 nobie,

372 1728 415 1791 20
479 1729 602 1792 falsum
625 1736 682 1792 eet.
726 1749 793 1792 non
815 1728 911 1793 illam
932 1729 986 1792 uir
1007 1730 1096 1810 prior
1119 1730 1273 1811 attigerit,

440 1846 629 1930 languidior
649 1854 765 1910 tenera
786 1848 840 1911 eui
861 1846 1008 1929 pendens
1030 1849 1134 1912 sicula
1157 1847 1233 1912 bete

481 1987 652 2048 nunquam
676 1986 711 2031 se
732 1965 876 2031 mediam
899 1966 1035 2031 sustulit
1057 1968 1101 2031 ad
1123 1968 1288 2032 tunicum:

439 2085 497 2147 sed
518 2091 612 2166 pater
633 2084 724 2148 illius
746 2086 839 2167 gnati
860 2085 1004 2149 uiolasse
1025 2084 1134 2149 eubile

484 2203 603 2267 dieitur
624 2212 657 2266 et
678 2204 834 2267 miseram
856 2204 1095 2267 eonseeleruste
1117 2202 1261 2281 domum,

379 2323 420 2383 25
443 2322 513 2385 siue
534 2321 621 2403 quod
643 2322 746 2403 impia
766 2341 861 2384 mens
883 2341 978 2385 eaeeo
1000 2321 1162 2404 flagrabat
1182 2342 1303 2400 amore,

485 2462 542 2505 seu
565 2440 653 2522 quod
674 2442 763 2504 iners
784 2440 892 2504 sterili
914 2440 1040 2505 semine
1061 2448 1161 2505 natus
1184 2448 1255 2505 eret

443 2569 477 2623 et
498 2559 720 2641 quaerendum
741 2563 824 2625 uude
845 2561 933 2624 uude
955 2560 1040 2624 foret
1061 2561 1233 2625 neruosius
1256 2559 1341 2624 illud

486 2678 573 2761 qued
595 2688 704 2761 posset
725 2700 845 2743 zonam
867 2681 996 2744 soluere
1017 2677 1220 2763 uirgineam!

445 2799 614 2881 egregium
636 2819 751 2862 narras
773 2800 859 2861 mira
880 2799 1002 2881 pietate
1024 2806 1202 2882 parentem,

381 2916 423 2980 30
488 2918 544 2997 qui
566 2918 637 3000 ipse
658 2918 709 2981 sui
733 2916 827 3000 gnati
848 2917 1008 2981 minxerit
1028 2916 1066 2979 in
1088 2916 1260 3001 gremium.

382 3041 522 3049 —-----—
531 3042 608 3047 ——.
620 3042 638 3047 -
667 3042 674 3046 -
685 3040 736 3047 ...η-ο

385 3089 414 3140 17
434 3088 502 3150 Quid
525 3088 537 3135 ΙΙ
560 3088 591 3136 18
608 3088 680 3139 uobis
703 3087 716 3135 ΙΙ
735 3086 768 3137 22
786 3086 829 3151 ad]
847 3086 912 3138 hane
936 3087 948 3134 ti
973 3087 1005 3137 27
1024 3088 1166 3153 querendue
1190 3087 1202 3135 ΙΙ
1227 3088 1294 3137 uude
1311 3085 1383 3135 semel

481 3208 513 3257 13
531 3207 595 3267 Quin
613 3223 638 3259 (u
703 3207 734 3256 14
752 3205 829 3256 tuu'et
846 3206 892 3254 Lm
909 3208 952 3272 (cs.
971 3206 1006 3256 ad
1022 3206 1118 3257 Lucret
1132 3223 1159 3270 p.
1180 3206 1231 3270 66)
1301 3206 1333 3257 17
1351 3206 1400 3268 Qui

384 3292 522 3342 Minturnas
539 3301 562 3340 et
578 3290 703 3341 Peneius:
721 3290 789 3352 Quid
813 3288 876 3344 Vu)
903 3290 1015 3355 Silliqius
1128 3290 1159 3341 18
1179 3290 1251 3340 nohis
1274 3288 1401 3340 Muretus:

383 3378 455 3427 uobis
480 3376 507 3424 V.
542 3376 614 3426 uobis
632 3376 724 3437 dicere,
741 3392 789 3424 nee
805 3375 883 3424 dubia
900 3373 994 3424 Statius
1091 3375 1126 3423 20
1143 3390 1193 3423 non
1212 3374 1254 3438 qui
1271 3376 1313 3438 (ex
1329 3391 1400 3424 um-

384 3479 433 3528 que
455 3454 485 3537 β)
498 3460 567 3511 illam
579 3458 692 3523 Scaliqer
703 3458 764 3507 Lm*
781 3458 845 3522 (Hp.
863 3458 921 3525 Hs.)
939 3474 989 3507 non
1007 3460 1142 3522 (uunquam
1159 3458 1316 3523 Deerinqiue)
1333 3458 1402 3507 illam

384 3548 504 3612 attigerat
523 3539 565 3622 βω
642 3544 675 3593 22
693 3543 776 3594 media
792 3542 894 3592 sustulit
912 3542 969 3592 hinc
986 3541 1070 3591 tunica
1087 3539 1182 3591 Statim
1199 3559 1227 3593 ee
1245 3542 1277 3592 ad
1295 3542 1402 3593 mediam

385 3632 486 3683 sustulit
503 3634 567 3681 hane
585 3629 640 3696 (V)
658 3628 765 3678 tunicam
784 3625 897 3692 Silliqius
1011 3626 1044 3675 23
1066 3627 1143 3692 ipsius
1166 3625 1277 3677 Muretus
1298 3628 1342 3679 ilie
1364 3627 1404 3679 uui

386 3716 497 3782 Scaiiqer
603 3716 688 3781 gnatei
707 3716 746 3779 (ex
763 3713 849 3763 damni
865 3712 952 3779 gnate)
969 3711 1016 3760 Lm
1033 3713 1120 3779 generi
1138 3711 1302 3763 Froehlichiue

385 3803 418 3852 26
436 3803 501 3869 quod
520 3803 567 3862 uir,
584 3802 664 3853 sterili
681 3801 775 3852 semine
792 3809 872 3859 natus,
891 3799 959 3849 inere
977 3798 1141 3849 Froettictius
1221 3799 1254 3850 27
1272 3801 1306 3850 Et
1323 3816 1402 3865 quae·

386 3888 492 3938 rendum
508 3881 554 3964 (β)
572 3889 640 3939 uude
661 3888 729 3938 unde
747 3885 842 3937 Statius
860 3901 886 3938 ω
908 3884 994 3950 (Hs.):
1006 3885 1050 3936 -Et
1066 3884 1223 3951 quaerendus
1240 3884 1307 3934 unde
1332 3882 1404 3933 Vut

387 3976 545 4039 quaerendus
570 3974 593 4023 is
618 3973 686 4021 unde
711 3972 880 4022 Lachmannue
907 3970 987 4038 (ΗΡ)
1016 3972 1051 4021 Et
1079 3968 1234 4035 quaerendus
1263 3968 1286 4020 ei
1314 3969 1354 4031 (et
1372 3958 1402 4044 β)

388 4057 555 4121 Hauptiusqu.
561 4058 595 4107 8⁵
604 4055 644 4105 Ne
650 4054 802 4120 (VtReseb.)
810 4049 979 4121 quaet-eudem
988 4054 1088 4104 aliunde
1098 4047 1115 4129 β
1124 4052 1221 4101 aldinae
1229 4051 1404 4104 GHermanms

389 4138 622 4191 ann.lahn.XXII
626 4139 680 4189 313
688 4138 971 4205 NeeOEtFroeMichius)
980 4135 1404 4204 quaerendumeratuudeduuntius

391 4225 616 4291 Quaerendumque
633 4225 746 4277 ueeuude
765 4217 782 4301 β
804 4223 902 4275 Vettius
1004 4221 1038 4273 30
1054 4238 1115 4273 eune
1132 4228 1225 4288 gnatae
1243 4220 1404 4274 Praetutia
