3542 5167
426 693 468 757 32
772 706 871 759 xxvu
887 703 1102 761 e-xxvtus
1194 700 1198 711 ·

447 896 468 959 5
490 903 524 959 at
546 914 606 959 uos
628 915 690 976 quo
713 891 804 956 lubet
825 875 1021 984 hinfflgite,
1049 888 1207 975 lymphae

490 1015 561 1078 uini
583 1012 753 1096 pernicies,
777 1010 873 1074 etad
896 1029 1028 1075 seueros

490 1132 643 1215 migrate:
667 1129 721 1194 hie
744 1148 854 1193 merus
875 1135 926 1194 est
947 1126 1173 1212 Thyonianus.

858 1397 1015 1464 XXVIII

488 1555 623 1650 Pisonis
645 1586 788 1663 comitae,
817 1585 932 1650 cohors
955 1583 1064 1647 inanis

488 1704 574 1786 aptis
596 1704 769 1769 saroinulis
792 1711 825 1768 et
847 1702 1019 1786 expeditis,

487 1822 613 1886 Verani
635 1823 758 1904 optime
780 1830 881 1904 tuque
903 1820 951 1884 mi
973 1817 1123 1893 Fabulle,

488 1939 567 2021 quid
590 1959 701 2004 rerum
723 1940 857 2024 geritis?
879 1939 1004 2003 satisne
1026 1957 1100 2002 oum
1123 1936 1186 2000 isto

445 2059 466 2122 5
488 2078 597 2140 uappa
617 2058 804 2142 frigoraque
827 2064 860 2122 et
885 2058 1007 2123 famem
1029 2055 1175 2120 tulistis?

491 2176 683 2258 ecquidnam
705 2177 740 2240 in
769 2176 893 2241 tabulis
916 2183 1006 2259 patet
1026 2173 1138 2239 lueelli

345 2257 399 2340 ι
488 2314 679 2377 expensum,
701 2302 740 2359 ut
761 2295 853 2373 mihi,
876 2296 931 2377 qui
954 2314 1065 2360 meum
1088 2299 1220 2359 seoutus

486 2421 668 2495 praetorem
690 2414 796 2479 refero
818 2414 933 2479 datum
954 2411 1097 2478 lucello?

422 2617 524 2683 bquod
541 2618 611 2669 iubet
639 2629 651 2675 11
678 2616 790 2671 XXVIII
809 2618 848 2667 Ad
868 2617 1021 2669 Verannium
1038 2623 1065 2667 et
1079 2613 1210 2665 Fabullum
1238 2621 1250 2669 ΙΙ
1278 2612 1295 2663 6
1317 2612 1351 2663 lit
1368 2610 1440 2677 quid-

421 2718 478 2752 m
502 2712 514 2759 ΙΙ

295 2771 371 2892 υ
422 2851 477 2884 mus
495 2844 624 2901 poetarum
643 2835 667 2885 in
687 2836 755 2887 hisee
767 2836 882 2887 uersibus
898 2836 1026 2887 ‘Minister
1037 2833 1114 2885 netuli
1131 2849 1193 2898 puer
1204 2833 1294 2883 falerni
1311 2860 1344 2869 —
1362 2829 1441 2881 Ebria

422 2918 547 2983 (Ebriosa
566 2919 635 2984 libri)
654 2921 724 2970 aeina
742 2920 910 2983 ebriosioris’‚
931 2938 986 2972 oum
1004 2920 1088 2969 dioere
1111 2917 1205 2969 ‘ebrio'
1228 2918 1343 2980 (ebriosa
1366 2917 1438 2979 libri)

422 3010 508 3069 posset
529 3011 556 3053 st
577 3003 643 3069 quod
667 3012 723 3054 erat
743 3005 859 3055 usitatius
881 3005 1005 3055 ‘acinum'
1031 3004 1056 3053 in
1078 3010 1168 3053 neutro
1191 3018 1284 3069 genere
1301 3001 1437 3067 appellare,

421 3103 508 3137 amans
530 3096 614 3137 tamen
636 3088 719 3138 hiatus
740 3089 807 3139 illius
833 3089 953 3141 homerioi
980 3089 1128 3139 suauitatem
1152 3086 1270 3138 ‘ebriam’
1296 3085 1437 3149 (ebriosam

423 3171 493 3236 labri)
517 3172 580 3222 dixit
596 3182 698 3238 propter
715 3174 867 3239 insequentis
890 3175 930 3224 ‘a’
953 3174 1055 3224 litterae
1071 3180 1224 3223 ooneentum.
1247 3172 1290 3237 qui
1312 3168 1437 3221 ‘ebriosa'

422 3255 521 3320 (ebrios
539 3255 608 3322 libri)
630 3264 714 3307 autem
731 3256 856 3309 Catullum
877 3258 971 3309 dixisse
988 3267 1077 3324 putant
1099 3265 1143 3309 aut
1167 3254 1289 3308 ‘ebrioso'
1311 3254 1437 3321 (ebriosos

422 3339 494 3402 labri)
514 3368 545 3377 -
563 3358 619 3391 nam
637 3342 663 3391 id
681 3359 778 3408 quoque
796 3350 893 3393 temere
910 3343 1028 3409 scriptum
1042 3342 1170 3393 inuenitur
1186 3369 1233 3401 —,
1251 3341 1276 3391 in
1293 3340 1370 3389 libros
1388 3339 1435 3388 sei-

419 3423 480 3475 licet
501 3426 533 3475 de
555 3426 677 3491 corruptis
701 3428 884 3493 exemplaribus
907 3428 986 3480 factos
1007 3428 1147 3479 inciderunt
1176 3426 1229 3477 alio
1251 3426 1322 3491 ipilur
1348 3422 1439 3473 Catulli

420 3510 569 3573 exemplaria
592 3512 731 3575 tenporibus
757 3511 833 3563 Gellii
860 3514 903 3562 loo
927 3514 976 3563 loco
999 3514 1076 3564 Ilbria
1097 3512 1180 3572 seina,
1202 3509 1266 3574 qaod
1285 3509 1334 3573 ipsi
1359 3506 1437 3558 Gellio

416 3592 537 3656 placebat,
555 3594 608 3643 alab
620 3595 727 3645 Ilbrioso
739 3598 818 3656 aeine,
837 3598 890 3648 alia
902 3598 1000 3662 danique
1018 3597 1044 3647 id
1054 3596 1118 3661 quod
1128 3613 1224 3646 reuera
1239 3594 1347 3644 Catullus
1361 3592 1437 3666 serip5

418 3676 452 3724 sit
474 3676 581 3726 Ebriosa
606 3678 677 3727 acina
703 3679 820 3729 latebam
955 3682 972 3732 ‘I
998 3682 1081 3732 meru'
1111 3682 1144 3732 sit
1174 3678 1327 3729 GPleitnerus
1351 3693 1435 3740 propr.

417 3760 564 3825 uba-11

485 3876 597 3930 XXVIII
624 3880 641 3929 2
664 3881 746 3944 possae
774 3883 844 3933 Artis
969 3884 985 3933 3
1008 3884 1103 3936 Verani
1128 3882 1159 3933 V:
1186 3884 1295 3935 Veranni
1322 3872 1376 3958 βω
1394 3877 1438 3927 Lm

418 3964 462 4028 (ςί
488 3962 555 4014 VIIII
570 3964 586 4014 1
603 3962 655 4015 XII
671 3964 722 4030 16)
823 3966 1013 4032 tucquidnam
1036 3969 1061 4017 in
1079 3968 1170 4019 tabulis
1187 3979 1257 4036 patet
1278 3972 1379 4023 lucelli?
1406 3988 1437 4022 an

423 4046 533 4113 Olmaper
554 4048 650 4100 miscell.
670 4050 732 4115 plil.
754 4061 777 4100 et
793 4051 865 4115 paed.
891 4053 911 4102 II
934 4052 984 4102 147
1102 4053 1118 4103 8
1141 4054 1223 4106 refero
1245 4058 1329 4108 datum
1347 4058 1437 4109 lucello

417 4130 455 4180 ‘0
472 4132 584 4195 Memmi,
608 4162 639 4171 -
663 4136 801 4188 irrumastI'
819 4136 987 4188 Lucdnsauaas
1006 4135 1128 4204 Scallqeri
1143 4140 1173 4190 de
1190 4142 1232 4192 doc
1251 4142 1300 4193 loco
1318 4145 1435 4207 interpun-

418 4212 494 4277 9endo
511 4217 646 4267 seutentiam
663 4230 754 4272 secabis
779 4263 825 4286 ,,,
