3542 5167
722 678 781 731 1211
801 679 892 732 137-
903 682 952 733 153

456 861 644 941 concubine,
668 863 765 929 hodie
787 873 885 950 atque
908 867 998 933 heri:

455 1002 544 1045 nunc
567 989 662 1046 tuum
684 984 864 1051 cinerarius

412 1099 524 1165 tondet
546 1121 590 1165 oe.
634 1102 737 1167 miser
758 1103 801 1166 ah
823 1106 925 1170 miser

326 1218 389 1283 140
455 1219 644 1298 concubine,
667 1242 767 1286 nuces
790 1221 840 1286 da.

410 1456 528 1523 diceris
550 1458 637 1522 male
660 1466 692 1522 te
715 1480 734 1523 a
757 1460 823 1523 tuis

452 1586 652 1661 unguentate
674 1577 799 1661 glabris
820 1580 938 1644 meritc

451 1696 633 1762 abstinere:
656 1697 714 1762 sed
736 1697 875 1763 abstine.

409 1838 426 1879 o
450 1816 584 1901 Hymen
607 1817 801 1901 Hymenaee
823 1819 864 1894 io,

325 1936 387 1999 145
453 1957 470 1999 c
492 1939 623 2019 Hymen
644 1940 833 2020 Hymenaee.

410 2175 532 2240 ecimus
555 2176 635 2240 haec
657 2175 717 2239 tibi
741 2196 826 2257 quae
848 2176 950 2241 licent

453 2293 524 2359 ecla
546 2296 695 2377 cognita:
719 2296 777 2359 sed
799 2297 919 2360 marito

450 2415 515 2479 ista
537 2435 604 2479 non
625 2415 739 2479 eadem
762 2415 870 2479 licent.

409 2556 425 2597 0
449 2534 584 2619 Hymen
606 2534 799 2619 Hymenaee
822 2536 862 2608 io,

325 2650 386 2715 150
454 2675 470 2716 0
496 2652 628 2738 Hymen
651 2652 849 2739 Hymenaee.

407 2900 519 2973 nupta,
542 2901 580 2957 tu
603 2915 733 2976 quoquc
755 2915 841 2976 quae
864 2906 941 2958 tuus

453 3012 505 3075 uir
525 3020 615 3094 petet
637 3035 717 3077 caue
740 3036 781 3078 ne
805 3035 913 3097 uegee,

450 3131 484 3194 ni
509 3132 651 3214 petitum
674 3132 807 3197 aliunde
829 3142 891 3198 eat.

325 3425 678 3434 ——.-.

323 3643 366 3692 141
389 3642 494 3694 Diceree
517 3643 529 3690 ΙΙ
552 3643 599 3692 145
617 3644 717 3692 crunnus
741 3642 753 3691 ΙΙ
775 3642 820 3692 151
842 3641 893 3691 mie

319 3945 348 3995 de
365 3946 433 3996 Anio
451 3946 542 4011 (Doer.
562 3945 609 3997 Hs.
628 3947 788 3998 Daedalimn
806 3947 835 3998 de
852 3966 934 4015 synon
955 3948 996 3998 lat.
1016 3946 1115 4011 11121)
1134 3944 1269 3994 Sordebam
1288 3940 1342 4001 eibi,

320 4031 403 4092 uilliee
422 4032 568 4083 Concubine
588 4024 605 4109 β
625 4030 778 4083 BGearinuc
802 4031 915 4099 Scaliyer
941 4033 1039 4084 uiilicuc
1063 4030 1214 4080 RBentleius
1237 4028 1261 4076 in
1288 4025 1343 4077 edit.

319 4116 416 4167 miscell.
435 4115 574 4167 RDcwccii
590 4114 716 4167 kiddiana.
743 4116 857 4169 Cantabr.
884 4119 950 4168 1817
972 4134 997 4181 p.
1016 4116 1052 4165 58
1191 4113 1238 4165 147
1257 4107 1343 4193 solip

319 4199 414 4253 Statius
437 4202 552 4254 Heinsius
575 4202 632 4255 adu.
657 4201 709 4251 644
732 4201 895 4253 Praemiccius
1018 4200 1066 4251 163
1085 4199 1118 4251 Ni
1145 4198 1226 4249 VLm
1244 4200 1291 4265 (Gfi
1308 4199 1343 4250 ad

1103 4303 1136 4353 10
