3542 5167
825 703 960 757 uxvmb
977 701 1099 755 4e-cc

557 891 703 954 millibus
725 897 758 953 et
778 890 877 953 facite
899 888 978 953 hace
1000 889 1117 953 charte
1138 889 1292 971 loquetur
1314 910 1397 952 anuis

555 1139 763 1209 notescatque
786 1128 892 1210 magis
914 1135 1064 1191 mortuus
1086 1137 1186 1219 etque
1207 1128 1323 1209 ringis,

514 1269 573 1311 uec
595 1258 728 1311 tenuem
752 1256 869 1315 texens
891 1246 1044 1311 sublimis
1067 1267 1187 1310 aranea
1208 1247 1310 1310 telum

448 1369 490 1431 50
555 1369 588 1429 in
612 1367 740 1431 decerto
763 1367 831 1431 Alli
854 1367 988 1430 nomine
1010 1386 1092 1449 opus
1115 1366 1220 1430 faciat.
1439 1383 1471 1434 ιο

513 1508 590 1549 riam
612 1486 696 1549 mibi
718 1506 817 1567 quum
838 1484 964 1549 dederit
984 1484 1110 1568 duplex
1131 1485 1330 1549 Amathusia
1349 1506 1470 1575 terrram

555 1606 656 1683 scitis,
680 1605 769 1668 etin
793 1626 857 1686 quo
879 1626 933 1669 me
954 1606 1113 1670 corruerit
1134 1625 1264 1689 genere,

512 1748 588 1789 cum
611 1734 742 1789 tantum
764 1724 912 1789 arderem
935 1733 1096 1805 quantum
1119 1725 1275 1788 trinacria
1297 1744 1395 1805 rupes

556 1843 757 1926 lymphaque
779 1843 814 1905 in
837 1844 958 1906 oetaeis
981 1844 1080 1907 malie
1101 1842 1345 1925 Thermopylis,

447 1961 490 2024 55
512 1970 637 2023 maeste
659 1980 764 2042 neque
786 1960 918 2023 assiduo
940 1959 1107 2024 tabescere
1131 1962 1257 2025 lumina
1279 1962 1361 2025 fletu
1440 1979 1471 2028 15

555 2088 717 2143 cessarent
738 2079 893 2161 tristique
914 2079 1021 2146 imbre
1042 2078 1175 2147 madere
1197 2100 1310 2163 genae,
1415 2118 1419 2124 ·

447 2423 481 2473 46
498 2432 568 2474 certa
590 2425 602 2471 ΙΙ
622 2423 656 2473 47
678 2424 828 2475 interstitium
851 2426 864 2473 ll
884 2436 942 2490 post
961 2426 996 2477 49
1018 2425 1070 2476 add
1089 2425 1227 2479 Iocundum
1250 2432 1358 2475 cometas
1380 2424 1471 2475 floride

448 2516 476 2557 ut
493 2517 582 2574 ageret
600 2509 613 2555 ΙΙ
631 2509 667 2560 50
683 2509 717 2560 ali
740 2510 752 2558 ll
776 2511 811 2561 54
833 2510 931 2562 cetheis
952 2511 1044 2562 maulia
1065 2510 1220 2577 ternropbilis
1244 2510 1256 2558 ΙΙ
1279 2511 1312 2560 55
1334 2508 1435 2560 nunrule
1450 2508 1463 2556 ΙΙ

446 2592 480 2642 56
498 2593 605 2643 Cessero
622 2609 655 2644 ue
672 2594 788 2662 tristique

446 2891 517 2949 teget
534 2881 666 2934 Mai-cilius
794 2882 829 2934 46
846 2901 903 2935 cere
922 2883 1016 2935 Statius
1034 2884 1100 2935 fama
1118 2885 1242 2935 Fraterius
1352 2904 1374 2935 u.
1393 2887 1426 2936 47
1444 2888 1468 2937 in

454 2966 477 3015 V
492 2968 600 3016 omissum
618 2966 681 3017 Itali
696 2968 764 3018 uarie
781 2968 967 3033 suppleuerunt:
993 2969 1040 3018 clii
1061 2968 1182 3020 Omnibus
1204 2978 1231 3019 et
1253 2970 1334 3021 triuiis
1351 2972 1470 3037 uulgetur

446 3052 531 3101 fabula
548 3052 640 3117 passim
658 3052 705 3116 (ad
725 3052 785 3101 lunc
807 3070 899 3102 nasum
920 3054 945 3102 in
969 3052 1036 3102 libris
1051 3054 1162 3117 parnbino
1183 3054 1252 3104 7989
1275 3056 1314 3119 [u.
1338 3053 1469 3106 OKornz'ns

446 3153 504 3187 mins.
523 3135 587 3185 rlen.
607 3134 669 3183 XX
683 3136 744 3200 171]
763 3146 785 3185 et
801 3136 971 3187 mediolanensi
988 3139 1022 3202 [u.
1050 3136 1131 3187 Vossii
1147 3141 1195 3188 obs.
1216 3138 1281 3203 284]
1301 3158 1318 3188 a
1336 3157 1405 3189 uranu
1423 3159 1467 3189 au-

447 3219 514 3283 tiqua
531 3218 677 3284 adscriptum
694 3220 811 3269 inuenitur
828 3220 926 3272 Seneca
943 3222 1075 3288 suppleuit.
1105 3223 1135 3286 cf.
1154 3222 1182 3271 de
1201 3220 1293 3272 Seneca
1310 3222 1354 3273 illo
1371 3223 1469 3275 Handii

445 3305 495 3355 obs.
518 3303 564 3356 20.
587 3304 626 3354 33
650 3302 762 3371 Silliyius
785 3293 840 3355 ann.
862 3304 933 3356 Ialn.
963 3306 1036 3356 VIII
1060 3306 1113 3357 201
1135 3306 1241 3372 Hauptii
1261 3326 1300 3371 qu.
1326 3309 1361 3357 42
1387 3308 1468 3360 Bern-

447 3387 530 3438 lardii
554 3388 609 3441 liet.
641 3388 684 3440 litt.
715 3408 772 3443 rom.
803 3391 875 3456 553)
905 3390 951 3441 elii
978 3391 1098 3444 Omnibus
1128 3392 1203 3459 inque
1231 3392 1293 3444 locis
1323 3393 1467 3444 celebretur

446 3473 513 3524 fama
530 3473 620 3539 sepulti
740 3476 775 3526 ue
797 3476 837 3526 nr
860 3476 973 3528 nanetus
995 3480 1043 3529 ou.
1062 3478 1100 3528 33
1220 3477 1283 3544 (47)
1301 3462 1413 3529 are-'to
1430 3479 1470 3529 nei

445 3557 579 3608 AWeisius
592 3571 613 3606 x
681 3561 716 3610 49
733 3562 772 3611 Ne
791 3578 817 3614 (o
916 3572 974 3627 post
989 3562 1023 3613 49
1041 3562 1097 3613 inV
1112 3564 1194 3612 iterum
1211 3563 1315 3627 scriptus
1333 3574 1369 3613 est
1384 3581 1467 3614 stersus

444 3640 502 3690 LX
507 3641 593 3691 VIII⁶
609 3643 652 3695 16.
677 3643 705 3692 de
727 3646 820 3695 caussis
842 3648 911 3698 buius
929 3649 1017 3698 erroris
1035 3650 1066 3712 cs.
1085 3639 1246 3711 Hauptii'qa.
1264 3649 1301 3698 43
1318 3658 1342 3698 et
1361 3649 1470 3699 Boelmii

444 3744 484 3790 qu.
503 3727 519 3775 8
654 3726 690 3777 50
710 3729 763 3780 Alli
786 3728 914 3795 Scaliqer:
937 3733 971 3782 ali
995 3730 1020 3781 V
1037 3734 1096 3783 Auli
1121 3731 1252 3782 Mcrcilius
1274 3734 1340 3791 Acili
1363 3734 1468 3800 Heysius

445 3812 553 3863 Deserto
570 3810 596 3861 in
614 3811 693 3863 Manli
712 3805 729 3893 β
751 3812 861 3863 Muretus
879 3831 905 3868 ω
922 3815 1031 3866 Deserto
1049 3816 1120 3867 Malli
1147 3815 1243 3866 Vossius
1261 3818 1371 3869 Deserto
1389 3820 1469 3871 Mardi

443 3896 469 3948 in
489 3895 618 3948 Santenine
723 3898 757 3949 52
775 3899 896 3949 torruerit
914 3893 958 3977 βω
980 3898 1143 3950 Froclliclius
1162 3897 1289 3967 corpuerit
1306 3903 1334 3965 (i.
1353 3920 1371 3953 e.
1391 3905 1468 3955 corri-
1495 3954 1501 3964 ,

443 3983 539 4049 puerit]
557 3982 722 4034 Markbsndus
740 3984 773 4034 mi
791 3986 931 4036 corruerit
949 3982 1043 4035 Statius
1061 3984 1089 4035 in
1106 4002 1157 4050 qus
1174 4001 1215 4035 me
1233 3987 1352 4039 torruerit
1367 3989 1468 4041 Venere

446 4066 599 4118 Senraderns
667 4068 701 4119 56
719 4068 853 4120 cessarent
870 4086 952 4135 neque
969 4068 1035 4120 tristi
1047 4065 1164 4120 'Muretus
1177 4069 1306 4122 Santeniue
1375 4072 1466 4123 Iloel-

446 4150 529 4202 licbius
552 4163 574 4203 et
595 4153 760 4205 Rossbachius
784 4156 967 4221 interpunctione
989 4166 1079 4206 mutata
1099 4173 1182 4206 aerem
1207 4158 1327 4210 57-6'2
1350 4176 1395 4209 non
1415 4177 1465 4208 cum

444 4238 571 4287 uersu-50
594 4245 618 4287 et
633 4238 844 4303 praecedentibus,
866 4240 911 4290 scd
930 4257 979 4291 cum
997 4258 1020 4292 u.
1040 4241 1282 4307 catinensibus
1299 4242 1467 4296 mimenni
