3542 5167
372 632 437 698 220
769 640 992 695 evnscnterto

477 833 637 901 Subroeiptio:
655 831 765 898 Explicit
780 827 871 880 Catulli
888 827 1040 879 Veronensis
1057 826 1157 879 libellus
1175 826 1351 890 (interstitium)

409 922 502 971 Versus
520 917 620 969 Domini
635 915 794 968 Beneuennti
812 914 843 964 de
866 913 1031 980 campomis
1052 912 1084 961 de
1106 910 1226 962 Vicencia
1247 911 1282 961 de
1303 926 1397 961 resur-

627 1001 739 1053 rectione
756 999 847 1052 Catulli
865 1008 954 1065 poetae
972 996 1131 1048 Veronensis.

560 1087 600 1139 Ad
618 1087 724 1154 patriam
742 1085 816 1136 uenio
834 1084 916 1151 longis
932 1102 948 1135 a
964 1083 1054 1134 finibus
1072 1083 1137 1132 exul.

594 1173 675 1223 causa
692 1172 741 1222 mei
759 1170 855 1221 reditus
870 1169 1033 1235 compatriota
1049 1166 1104 1227 tuit,

560 1256 661 1309 Scilicet
678 1275 693 1307 a
710 1256 818 1317 mamis,
836 1256 924 1305 tribuit
940 1254 980 1305 cui
997 1251 1103 1304 Francia
1120 1268 1218 1315 nomen,

594 1341 692 1406 Quique
709 1348 780 1391 notat
797 1339 869 1390 turbe
886 1337 1054 1406 pretereuntis
1071 1338 1129 1389 iter.

560 1426 616 1487 Quo
632 1426 691 1477 licet
708 1425 808 1491 ingenio
826 1432 939 1475 uestrum
957 1423 1083 1476 celebrate
1102 1421 1235 1483 Catullum,

594 1509 672 1561 Cuius
690 1510 736 1561 sub
754 1510 836 1561 modio
853 1511 939 1560 clausa
956 1509 1058 1576 papirus
1075 1505 1157 1560 erat*

443 1588 619 1664 limentinum)
647 1594 688 1648 Tu
710 1596 789 1646 lector
811 1596 963 1661 quicunque,
984 1595 1017 1647 ad
1038 1595 1108 1646 cuius
1125 1610 1214 1648 manns
1232 1593 1272 1644 hic
1288 1592 1396 1644 libellus

374 1681 516 1742 obuenerit,
538 1681 653 1747 scriptori
670 1682 703 1731 da
720 1681 827 1740 ueniam,
845 1680 866 1730 si
883 1680 929 1730 tibi
947 1688 1077 1746 corruptus
1095 1678 1230 1730 uidebitur.
1267 1676 1394 1739 Quoniam

443 1851 458 1882 *
482 1851 537 1901 Hoc
558 1853 705 1916 epiprarnma
726 1851 791 1900 deest
812 1852 835 1899 in
859 1848 927 1898 libris
944 1848 1022 1898 molto
1040 1858 1063 1898 et
1079 1849 1178 1898 sinceris
1195 1857 1219 1897 et
1234 1847 1396 1910 interpolatis,

373 1933 447 1983 minti
462 1935 487 1983 in
505 1932 672 1984 cLDFuGot
689 1933 851 1998 (=pndiano
868 1931 938 1995 332)
956 1930 1005 1982 Dr.
1047 1930 1078 1980 In
1094 1933 1165 1995 sine
1188 1930 1245 1979 lieri
1265 1930 1399 1981 catalitani

371 2026 468 2081 praeter
490 2033 708 2081 sonpermanensent
731 2016 816 2080 lepitnr
843 2015 870 2063 id
893 2015 917 2064 in
942 1995 982 2077 li,
1008 2013 1051 2064 sed
1075 2015 1126 2065 sinc
1152 2014 1203 2065 nlla
1229 2014 1394 2081 inscriptione.

372 2120 421 2168 pua
438 2102 517 2152 caruit
531 2101 602 2150 etiarn
620 2098 654 2150 Cn
671 2110 694 2150 et
714 2110 781 2150 caret
802 2098 861 2149 liber
881 2099 1030 2149 noemmianus
1053 2098 1127 2166 (nnnc
1144 2099 1270 2163 parisinus
1290 2098 1394 2163 8233),

372 2188 415 2251 qui
431 2187 518 2236 initio
537 2185 594 2236 liert
609 2186 736 2236 catulliani
755 2185 901 2250 epipromma
922 2182 985 2234 iilud
1005 2184 1075 2234 labet
1088 2183 1187 2249 perinde
1205 2193 1275 2248 atque
1292 2181 1332 2233 ΡΙ
1337 2182 1394 2234 Get

373 2270 550 2337 (=puclianur
567 2268 637 2336 283)
653 2268 745 2324 PuP2.
777 2271 802 2319 in
820 2266 859 2320 Pl
876 2269 1042 2334 epiprammati
1056 2270 1197 2333 praeposita
1215 2277 1251 2318 est
1268 2268 1392 2331 inscriptio

374 2353 470 2408 Versus
488 2353 581 2407 catulli
598 2355 775 2422 prohemiales,
793 2356 818 2405 in
837 2352 892 2405 Gul
910 2354 968 2404 laec
984 2351 1078 2419 Incipit
1094 2353 1175 2420 prima
1192 2352 1273 2418 elegia
1291 2351 1392 2404 Catulli.

374 2440 418 2491 Pe
434 2442 474 2506 (et
490 2438 563 2505 Per)
581 2449 605 2490 et
620 2440 672 2493 cod.
690 2441 794 2494 sonant.
813 2439 881 2501 323,
904 2456 970 2504 quem
987 2436 1106 2505 Maffeins
1124 2438 1237 2503 inspexit,
1260 2437 1320 2487 loric
1337 2438 1392 2487 titn·

376 2525 423 2577 lum
440 2518 527 2575 intent
542 2523 693 2575 Hertichum
705 2523 810 2575 Gasani
822 2523 976 2574 Veronensis
988 2523 1101 2575 Oratoris
1113 2521 1250 2573 Clarissimi
1267 2519 1299 2575 ln
1317 2520 1392 2572 libel-

375 2612 425 2664 lum
443 2609 539 2662 Valerii
556 2607 648 2659 catulli
666 2608 721 2658 eius
737 2607 860 2660 concinis.
883 2624 933 2658 cnm
948 2606 1022 2674 plane
1039 2607 1119 2657 eaden
1136 2607 1293 2671 inscriptione,
1313 2605 1392 2656 itidem

375 2695 442 2745 initio
454 2693 512 2744 islrri
523 2690 619 2753 centii,
637 2692 782 2757 epigramma
800 2691 884 2756 lepitnr
901 2691 925 2741 in
942 2690 1041 2741 editione
1055 2693 1163 2758 principe
1180 2691 1240 2742 anni
1246 2692 1304 2756 sere
1322 2690 1394 2742 1470

375 2779 416 2844 (pf.
424 2776 599 2829 Branen'man.
614 2776 699 2829 lcirar.
711 2774 830 2841 1³1681)
850 2785 873 2826 et
890 2776 913 2825 in
930 2774 1029 2825 editione
1046 2776 1116 2842 culpo
1131 2794 1177 2843 pro
1191 2776 1299 2845 principe
1311 2775 1394 2826 inlita

374 2862 434 2912 aas
448 2858 520 2912 rsrr
537 2860 582 2929 p).
618 2860 670 2911 nen
687 2862 712 2912 n
729 2861 866 2911 aaran
884 2870 968 2911 incia
984 2879 1009 2913 a.
1028 2861 1098 2913 1475
1116 2872 1138 2911 n
1154 2845 1259 2928 repens
1273 2878 1297 2910 a.
1316 2860 1392 2913 rest.

375 2948 400 2997 irs
416 2945 503 3014 HPtp
520 2975 554 2985 --
572 2946 601 2995 dc
618 2947 706 2997 ceteris
718 2946 779 2996 nilil
794 2955 885 2996 oonsntt
902 2974 935 2983 —·
953 2964 970 2996 a
989 2946 1084 2996 leonine
1105 2963 1176 3011 qnam
1196 2963 1272 3014 supra
1289 2962 1318 2995 ec
1335 2962 1393 2995 san·

373 3031 524 3098 maserei
534 3030 678 3081 annana
690 3031 761 3081 haece
772 3030 899 3095 offerunt:
919 3033 929 3081 l
945 3030 977 3080 de
989 3031 1079 3082 finibus
1086 3030 1146 3097 P2p
1157 3032 1169 3096 Η
1180 3032 1196 3081 2
1206 3030 1320 3082 redditus
1331 3020 1363 3080 H
1369 3028 1382 3097 ll

374 3113 571 3182 {praetereunti
578 3112 622 3162 1³2
632 3113 645 3178 ll
655 3115 672 3162 5
681 3112 808 3164 celebrere
817 3111 849 3160 H
854 3110 973 3162 ‘Gnarino
985 3113 1075 3162 codices
1087 3130 1131 3163 non
1142 3113 1231 3163 sinceri
1240 3114 1394 3164 hexastichon

376 3198 436 3249 ntro
459 3198 594 3263 praefixum
619 3197 752 3259 manant,
774 3196 799 3245 in
820 3195 886 3245 cuins
908 3212 978 3248 nasu
999 3197 1016 3247 5
1038 3197 1177 3260 irpinitinnm
1199 3196 1328 3249 celebrare
1350 3214 1391 3248 ea·

375 3280 460 3333 noent
478 3280 646 3332 lacinianunc
663 3281 688 3332 in
706 3280 761 3334 edit.
777 3281 859 3347 priore
874 3298 900 3348 p.
921 3280 958 3332 80
976 3281 989 3348 ΙΙ
1007 3280 1024 3332 6
1042 3280 1168 3349 Quouisp
1190 3281 1202 3348 ΙΙ
1225 3282 1315 3333 subin
1333 3282 1392 3335 odio

374 3365 420 3419 P2
435 3369 481 3422 sub
498 3368 526 3420 in
542 3368 624 3420 medio
641 3366 678 3421 Η.
717 3365 769 3425 Quo
785 3366 851 3417 modo
859 3368 956 3431 sactum
973 3367 1006 3418 sit
1022 3374 1048 3417 at
1064 3366 1106 3415 loc
1123 3365 1271 3418 Bericuennti
1291 3366 1390 3436 Campe-

375 3455 442 3506 sanii
455 3456 602 3523 epiqrarnrna
618 3454 643 3504 in
660 3470 740 3505 nornen
751 3452 884 3521 Baptistae
898 3452 1007 3515 Gnarini,
1025 3454 1069 3517 qni
1085 3452 1149 3502 intra
1165 3470 1239 3503 annos
1248 3452 1307 3518 sere
1318 3453 1392 3506 1450

375 3551 398 3591 ct
412 3539 485 3592 1470
501 3537 597 3590 Catullo
613 3537 755 3589 mandando
771 3554 866 3604 operam
884 3538 959 3599 dedit,
986 3538 1156 3602 transferretur
1178 3538 1298 3605 erpiicare
1319 3555 1390 3589 cona·

377 3636 414 3677 tur
434 3642 486 3675 nnn
507 3623 597 3675 iniisti.
620 3622 695 3675 scisci.
716 3621 810 3689 dorpat.
832 3640 858 3676 a.
881 3622 954 3674 1865
969 3639 995 3688 p.
1014 3622 1032 3673 9
1049 3639 1087 3686 sq.
1110 3651 1143 3659 -
1160 3620 1227 3671 Idem
1245 3621 1392 3690 epiprarnma

376 3708 471 3773 nosque
493 3706 667 3773 inscriptionem
687 3704 834 3756 sulianum
856 3704 1005 3757 HAnantius
1027 3706 1142 3771 respexit,
1165 3722 1215 3756 cnm
1238 3724 1301 3758 anno
1323 3707 1391 3760 1517

377 3794 435 3845 laec
454 3793 529 3844 nebo
549 3790 647 3859 scripsit
668 3807 728 3855 qnae
749 3805 779 3839 ct
805 3789 867 3841 Iulii
889 3788 1015 3842 Scineclct‘i
1036 3790 1065 3839 de
1087 3789 1152 3840 Atto
1174 3788 1287 3843 Munatio
1312 3792 1392 3844 libello
1416 3837 1431 3866 κ

376 3876 500 3944 (Berolini
515 3874 600 3943 1862)
616 3892 643 3943 p.
661 3874 697 3926 37
715 3874 824 3939 comoed:
840 3892 931 3941 magno
949 3874 1051 3941 pignore
1069 3876 1240 3929 contenderim
1251 3878 1326 3930 hodie
1338 3895 1390 3929 non
1442 3866 1459 3925 )

376 3962 485 4016 inueniri
505 3961 584 4014 ullum
604 3959 763 4013 catullianum
783 3958 893 4011 codicem
914 3958 1034 4025 scriptum
1055 3967 1113 4013 ante
1135 3962 1278 4030 octuaginta
1305 3979 1390 4025 mnes,

376 4047 425 4101 hos
441 4054 480 4100 eet
496 4054 555 4099 ante
571 4045 678 4099 Guarini
694 4051 809 4099 atatem.
844 4045 865 4096 is
886 4044 954 4097 enim
971 4044 1004 4097 ad
1021 4047 1128 4113 patriam
1145 4047 1245 4099 rediens
1263 4046 1387 4101 Catullum

377 4129 420 4202 eliu
437 4132 590 4201 mulumque
607 4131 777 4193 desideratum
792 4128 882 4186 ltaliae
899 4130 1079 4193 rmtituiteed
1096 4133 1268 4202 dmmuatum.

776 4377 954 4451 tentet.
976 4392 1177 4474 reiense,
1205 4340 1362 4486 serp(

396 4423 754 4560 in
1291 4429 1335 4635 s

495 4547 509 4603 'J
1266 4565 1277 4627 t
