3542 5167
508 1021 623 1089 [Seruius
645 1020 680 1071 ad
699 1019 760 1070 Aen.
783 1017 846 1073 IIII
866 1016 922 1069 409
943 1017 1045 1078 Qucnue
1066 1014 1145 1065 dubus
1162 1014 1282 1079 gemitus,
1306 1029 1362 1063 curn
1376 1011 1460 1063 ⁴litura

439 1108 539 1158 feruere
563 1106 614 1156 lete
637 1106 695 1154 haec
717 1103 857 1154 adnotauit:
884 1102 1025 1152 lnlinitinus
1042 1099 1083 1149 hic
1101 1098 1208 1149 stertis
1226 1106 1266 1149 est
1283 1097 1459 1164 coniugatione

438 1192 455 1241 i.
474 1208 497 1241 e.
515 1209 529 1240 s
547 1190 626 1240 ‘ferun
643 1188 738 1239 feruie’.
778 1205 835 1239 nem
858 1186 983 1237 secundae
1007 1171 1187 1250 coniugationis
1209 1184 1287 1233 uerbu
1309 1182 1407 1248 perdito
1427 1181 1458 1231 ‘e'

439 1276 505 1339 qnod
528 1275 623 1324 habeut
643 1281 703 1323 ente
725 1270 757 1321 ‘o’
779 1272 804 1321 in
827 1271 928 1320 tertiam
945 1270 1068 1336 migrant:
1096 1276 1125 1318 ut
1141 1268 1241 1319 ‘iernen
1265 1267 1348 1325 seruo,
1373 1266 1457 1333 fulgeo

438 1356 523 1424 Iulgc’.
551 1358 609 1406 hinc
626 1365 665 1406 est
684 1356 757 1417 (Aen.
767 1352 836 1404 VIII
846 1354 863 1405 6
867 1354 910 1417 77)
929 1353 1048 1404 ‘Feruere
1065 1353 1191 1403 Leucaten
1210 1368 1318 1416 auroque
1336 1350 1458 1417 effulgere

439 1440 546 1493 tluctus'.
582 1439 712 1489 nicetium
730 1439 848 1489 Horatius
867 1436 1041 1503 (ep.11319)
1059 1437 1140 1486 ‘Vade
1159 1436 1215 1486 unlc
1233 1452 1294 1485 enne
1312 1451 1343 1485 ne
1362 1436 1457 1484 titubes

439 1526 602 1589 mandataque
620 1522 736 1589 Irangse’.
760 1540 815 1573 num
834 1523 912 1572 ‘caue’
931 1522 980 1572 ‘ne’
998 1522 1141 1587 longeest,
1159 1538 1206 1571 nec
1222 1521 1316 1570 nocslie
1333 1520 1455 1584 sequitur,

438 1609 507 1659 utin
526 1607 636 1659 bucolice
654 1606 689 1673 (3
709 1607 756 1671 79)
774 1608 848 1666 ‘nule‚
867 1608 957 1673 inquit,
976 1606 1047 1659 lclu’.
1090 1606 1135 1658 sed
1152 1605 1256 1655 dicimus
1274 1622 1290 1655 a
1307 1603 1383 1655 tertia
1400 1620 1457 1654 esse

437 1693 611 1759 coniugatione
623 1693 805 1758 imperetiuum,
817 1701 846 1743 ut
858 1697 928 1742 ‘caue
941 1690 1027 1743 csuin’.
1064 1691 1122 1741 hinc
1133 1691 1208 1741 etium
1222 1690 1333 1741 Catullus
1346 1688 1455 1739 ‘cauere'

437 1776 508 1828 dixit.
547 1777 681 1843 reperisse
697 1775 791 1827 uidene
808 1775 843 1827 ad
859 1777 883 1826 L
900 1778 941 1827 18.
959 1776 993 1828 19
1010 1785 1033 1826 et
1048 1773 1122 1826 LXI
1134 1774 1198 1840 152]

917 1943 969 2007 XI

506 2077 617 2143 [Securius
635 2078 671 2128 ud
694 2077 764 2144 Vera.
778 2078 803 2127 V
818 2080 874 2130 609
892 2079 941 2132 Ille
958 2082 1025 2130 niem
1042 2081 1155 2131 celerans
1173 2100 1226 2146 sqq.
1244 2083 1302 2132 laec
1320 2083 1456 2133 aduocauit:

437 2202 442 2213 .
463 2202 468 2212 .
488 2203 493 2212 .
514 2203 519 2213 .
537 2164 672 2215 nctsndnm
701 2182 761 2215 sune
791 2165 865 2216 etiarn
897 2164 928 2216 de
957 2164 1027 2218 Iride
1056 2165 1167 2216 ‘arcum'
1194 2184 1286 2233 genere
1316 2167 1452 2219 masculino

436 2249 519 2299 dicere
539 2248 682 2313 Virgilium:
706 2250 819 2301 Catullus
836 2258 863 2300 ct
880 2251 925 2301 elii
940 2266 1034 2316 genere
1052 2250 1171 2301 feminino
1188 2261 1293 2318 ponunt,
1312 2254 1452 2304 reserentes

436 2332 468 2383 sd
486 2332 616 2399 originem,
634 2333 700 2385 sicut
716 2335 779 2385 haec
796 2333 889 2392 ‘nter
899 2344 926 2385 et
943 2337 1007 2387 hunc
1024 2334 1132 2387 ‘Gallus'
1143 2336 1259 2403 legimus.
1279 2354 1325 2401 pre
1338 2338 1451 2388 Catullus

436 2416 591 2468 Burmannus
609 2419 706 2469 sonunt
722 2418 833 2479 Catulus,
852 2418 992 2486 RVnyerus
1009 2419 1132 2487 deValyio
1148 2419 1203 2470 292
1221 2421 1319 2473 Caluus.
1349 2439 1391 2486 eac
1405 2440 1451 2488 pu-

436 2511 490 2551 tans
508 2502 569 2552 nihil
581 2513 680 2568 praeter
696 2521 791 2555 carmen
807 2503 914 2554 LXIII
925 2503 1016 2556 Catulli
1030 2515 1150 2570 spectasse
1168 2503 1277 2556 Seruium
1295 2507 1382 2556 conieci
1395 2517 1452 2571 post

435 2602 474 2635 uu.
493 2585 605 2637 caulius
622 2594 649 2637 et
666 2586 709 2638 slii
725 2588 871 2638 innuendum
889 2605 941 2638 esse
958 2608 980 2639 u.
999 2590 1145 2656 musculiue]

907 2754 977 2820 XII

503 2887 619 2953 [Seruius
642 2889 677 2941 ad
700 2889 802 2957 Verqs’lii
821 2909 875 2943 cen.
904 2892 957 2943 VII
973 2893 1028 2945 378
1046 2894 1100 2945 Ceu
1118 2896 1243 2960 quendem
1260 2904 1325 2947 terto
1344 2897 1451 2948 uolitans

434 2974 480 3024 sub
502 2975 611 3024 uerbere
632 2976 707 3026 turbo
729 2976 788 3026 laec
808 2977 949 3026 adnotaris:
977 2978 1093 3029 ‘'Iurbo’.
1137 2978 1251 3030 catullus
1273 2980 1321 3031 hcc
1343 2983 1449 3032 ‘turben’

434 3057 506 3116 dicit,
524 3066 554 3107 nt
571 3057 618 3107 lroc
636 3060 753 3109 ‘carmen'
771 3061 896 3123 (⁴termen’
914 3060 1076 3127 RVnyerus).
1110 3080 1157 3127 pru
1175 3062 1288 3114 Catullus
1300 3063 1411 3116 Ncnss'us
1429 3077 1453 3116 et

433 3137 552 3190 Nicolaus
569 3139 671 3192 locaris
685 3151 831 3207 putauerunt
845 3144 993 3194 seruiendum
1009 3162 1060 3196 esse
1079 3146 1204 3205 Tibullus,
1228 3156 1251 3196 et
1270 3148 1362 3197 res-ici
1382 3149 1451 3201 lus'us

433 3223 530 3274 carmin.
548 3221 643 3287 153,
660 3226 744 3290 quecun
763 3226 903 3294 RVnyerus
921 3228 949 3277 ale
965 3227 1052 3294 Valyic
1070 3230 1122 3281 484
1139 3229 1278 3282 adsenk'tur.
1314 3232 1358 3281 secl
1370 3235 1451 3296 potius

434 3305 535 3359 Seruius
552 3307 587 3359 ad
606 3306 698 3362 Catulli
712 3310 829 3363 LXIII]
844 3314 896 3363 107
915 3314 1048 3379 respexisse
1065 3312 1167 3381 uidetur]

890 3480 978 3547 XIII

500 3611 571 3677 [Ant.
589 3614 715 3667 Fortunat.
733 3613 790 3667 267
793 3617 808 3668 7
825 3617 853 3667 Ρ
867 3619 927 3670 320
944 3618 981 3671 G.-
998 3621 1110 3673 Ostullus
1127 3622 1154 3673 in
1171 3624 1343 3675 Anacreonteo
1362 3625 1448 3685 ‘siden

431 3694 525 3760 inquit,
549 3712 564 3745 ο
587 3696 703 3762 Cybelc’,
724 3700 770 3748 sed
787 3718 872 3753 uersus
892 3712 928 3753 est
944 3702 1107 3765 Maecenatis,
1126 3705 1165 3755 cui
1180 3705 1240 3757 idem
1256 3708 1348 3759 Atilius
1362 3709 1449 3773 paullo

431 3788 503 3829 antec
519 3778 570 3843 sisse
586 3780 695 3830 &cubuit
711 3781 786 3833 2677
797 3782 825 3832 Ρ
839 3785 893 3836 319
907 3784 931 3837 G
947 3788 1013 3839 Huic
1030 3805 1105 3855 pares
1122 3798 1180 3840 sunt
1197 3793 1264 3858 apud
1275 3793 1450 3847 Maecenatem

432 3862 519 3922 ‘Adue
536 3863 624 3930 inquit,
641 3881 657 3917 e
674 3863 777 3933 Cybele,
795 3866 851 3919 less
867 3859 988 3922 urentium
1004 3872 1061 3934 des,
1079 3872 1156 3937 Ades,
1174 3883 1201 3927 et
1212 3886 1317 3931 sonante
1330 3885 1449 3947 tympano

432 3956 507 4014 quste
524 3947 635 4002 flexibile
652 3948 748 4019 esput']

837 4121 1040 4140 m-
