3542 5167
818 690 967 747 LXXXVII
982 702 1007 744 et
1022 692 1118 749 mv

767 879 975 945 LXXXVII
995 891 1023 946 et
1042 881 1176 946 LXXV

526 1004 628 1099 Nulla
648 1041 759 1117 potest
780 1034 901 1098 mulier
923 1040 1054 1098 tantum
1076 1055 1111 1099 se
1134 1034 1238 1099 dicere
1261 1043 1405 1100 amatum

567 1174 645 1218 uero
666 1162 828 1235 quantum
849 1174 869 1216 a
890 1174 944 1217 mo
965 1152 1087 1217 Lesbia
1109 1163 1218 1218 amata
1239 1175 1314 1219 mea
1335 1176 1378 1219 es.

525 1272 619 1337 nulla
639 1272 721 1336 fides
743 1271 812 1337 ullo
834 1272 898 1335 fuit
919 1292 1077 1354 umquam
1099 1274 1229 1338 foedere
1251 1282 1346 1338 tenta

569 1397 693 1472 quanta
713 1390 749 1453 in
771 1410 881 1454 amoro
903 1397 960 1455 tuo
982 1400 1139 1477 exparte
1161 1402 1288 1475 reperta
1310 1415 1384 1457 meo
1406 1402 1466 1459 est.

484 1508 504 1571 1
525 1529 611 1573 auae
633 1515 684 1573 est
704 1530 798 1573 mens
822 1507 957 1574 diducta
980 1518 1047 1587 tua,
1069 1532 1144 1576 mea
1165 1511 1295 1589 Lesbia,
1320 1513 1425 1595 culpa,

570 1636 667 1709 atquo
688 1628 735 1692 ita
756 1648 792 1693 se
814 1629 922 1693 officio
943 1629 1087 1713 perdidit
1108 1632 1179 1713 ipsa
1201 1652 1269 1708 su0,

527 1747 653 1811 utiam
674 1767 735 1812 nec
756 1746 839 1812 bene
862 1748 949 1812 uelle
971 1757 1071 1830 queat
1093 1749 1167 1826 tibi,
1192 1749 1221 1813 si
1243 1749 1367 1831 optimu
1388 1750 1460 1826 fias,

570 1885 631 1929 nec
654 1865 811 1929 desistore
833 1886 954 1943 umaro,
976 1868 1087 1931 omnia
1109 1869 1137 1931 si
1160 1869 1269 1932 facias.

533 2032 680 2084 LXXXVII
701 2035 765 2084 1-4
781 2035 832 2085 siae
849 2034 973 2086 interstitio
991 2052 1042 2087 cum
1058 2036 1190 2088 LXXXVI
1203 2037 1219 2088 6
1231 2038 1294 2088 Tum
1307 2038 1418 2099 omnihus
1430 2056 1487 2088 eon·

465 2120 538 2171 iuncti
556 2119 568 2186 ΙΙ
588 2121 604 2169 2
622 2128 662 2172 est
681 2119 693 2187 ΙΙ
712 2121 729 2171 3
747 2128 817 2171 tanto
837 2120 849 2189 ΙΙ
869 2120 964 2171 LXXV
985 2123 1059 2171 1—-4
1076 2141 1126 2173 cum
1144 2123 1266 2174 LXXIIII
1284 2124 1488 2190 ssNunsputru-

466 2223 508 2256 um
525 2205 577 2255 siae
594 2206 718 2256 interstitio
736 2205 852 2257 coniumti
870 2205 881 2273 ΙΙ
905 2207 916 2257 l
937 2205 993 2258 Huc
1012 2205 1024 2273 Η
1044 2208 1151 2259 deducta
1171 2207 1182 2274 Η
1203 2208 1220 2259 3
1236 2208 1354 2274 uoltuque
1372 2219 1411 2260 tot
1429 2210 1477 2259 eibi

534 2340 680 2394 LXXXVII
706 2342 780 2392 1-4
797 2342 835 2392 tic
851 2341 988 2393 inserendos
1005 2352 1028 2393 et
1043 2344 1151 2394 uersibus
1169 2341 1285 2393 LXXV
1297 2343 1366 2393 1-4
1380 2359 1488 2407 praepo·

466 2427 554 2479 natos
576 2445 628 2479 esse
651 2426 763 2493 Scaliper
779 2427 897 2477 intellexa
916 2432 960 2489 (ω
977 2427 1041 2494 Iao).
1059 2426 1228 2478 Lachmaaaus
1246 2444 1355 2478 caussam
1374 2428 1489 2478 cananis

467 2512 577 2579 dirempti
592 2514 754 2580 explicaturos
772 2514 842 2563 oium
854 2514 1001 2579 popinarum
1018 2513 1141 2579 archetypi
1157 2514 1188 2579 (t)
1203 2512 1380 2578 perturbatione
1404 2513 1490 2563 statuit

458 2600 554 2662 factum
575 2618 626 2650 esse
646 2610 672 2649 ut
690 2599 782 2665 paqina
799 2616 829 2648 ea
846 2616 908 2663 quae
925 2599 980 2648 olim
996 2600 1104 2649 carmina
1120 2596 1236 2647 LXXV
1249 2606 1273 2648 et
1288 2595 1420 2646 LXXVI
1432 2614 1488 2646 coa·

468 2686 551 2735 tineret
567 2685 640 2749 salso
666 2694 721 2733 ante
743 2684 850 2749 papinus
877 2682 938 2732 duas
965 2700 1006 2732 cas
1032 2682 1194 2732 conlocaretur
1220 2683 1245 2732 iu
1270 2683 1353 2746 quibus
1380 2682 1489 2731 camnine

467 2768 613 2818 LXXVII
619 2768 654 2819 ad
663 2767 780 2817 LXXX
785 2767 839 2817 VII
843 2768 979 2832 perscripta
983 2769 1099 2833 fuissent.
1134 2768 1213 2831 itaque
1229 2768 1336 2817 carmina
1346 2765 1433 2815 LXX
1440 2763 1496 2820 VII

469 2852 504 2903 ad
530 2851 707 2903 LXXXVII
728 2864 786 2919 post
812 2851 958 2902 LXXIII]
984 2853 1121 2903 conlocauit
1173 2850 1324 2902 Lacimaani
1352 2851 1491 2901 sententiam

469 2936 595 3002 Hauptius
623 2955 663 3002 qu.
693 2938 730 2988 38
757 2936 876 3001 defendit,
906 2937 1052 3002 impupnauit
1076 2935 1229 2985 PBoeImius
1255 2954 1294 3000 qu.
1316 2952 1344 3000 p.
1371 2936 1395 2985 4.
1447 2951 1490 3000 epo

469 3038 572 3072 errorem
588 3022 624 3072 ita
641 3030 716 3071 ortum
730 3022 863 3086 putauerim
880 3031 908 3071 ut
923 3022 1004 3071 scriba
1021 3020 1145 3085 archetypi
1160 3019 1268 3069 seductus
1286 3020 1359 3069 initiis
1371 3018 1489 3069 similans

469 3115 581 3170 quattuor
602 3122 710 3155 uersuum
730 3104 878 3154 LXXIHI
902 3105 920 3156 6
940 3106 1013 3156 Nunc
1038 3103 1216 3154 LXXXVII
1237 3105 1252 3153 1
1273 3104 1350 3154 Nullo.
1374 3104 1393 3154 3
1415 3103 1492 3154 Nulla

471 3188 621 3241 LXXVI
643 3189 715 3241 Nunc
741 3189 787 3240 duo
812 3188 890 3240 media
916 3190 1028 3239 omitteret
1053 3189 1166 3249 disticha,
1193 3206 1255 3252 quae
1277 3197 1363 3253 postca
1388 3187 1494 3253 maryiai

469 3273 596 3339 adscripta
613 3273 642 3323 de
660 3274 710 3324 loca
727 3292 770 3325 suo
784 3274 860 3340 pulsa
876 3283 936 3325 suat.
956 3274 996 3336 (de
1013 3276 1082 3324 rebus
1099 3273 1215 3323 similibus
1233 3273 1263 3336 cs.
1280 3290 1318 3336 qu.
1331 3270 1420 3336 1195)

470 3357 634 3410 stoeilichius
656 3368 702 3413 act.
726 3359 796 3410 acad.
818 3376 908 3409 monae.
930 3357 979 3409 111
997 3356 1046 3408 III
1065 3357 1116 3409 710
1138 3374 1232 3424 carmen
1253 3355 1356 3409 LXXV
1373 3356 1429 3407 Huc
1451 3363 1490 3407 est

471 3460 542 3496 mens
559 3445 667 3496 deducta
682 3446 796 3510 iatepmm
813 3462 865 3495 esse
881 3454 905 3495 et
921 3462 1004 3495 sanum
1021 3443 1153 3508 adfirmans
1172 3443 1219 3508 (cs.
1237 3443 1307 3493 etiam
1324 3450 1386 3492 aunt.
1405 3440 1489 3493 erudit.

470 3546 561 3580 monac.
580 3528 629 3579 XI
644 3527 745 3596 [1840]
765 3532 811 3596 Io)
830 3547 923 3580 carmen
939 3529 1032 3582 LXXX
1040 3528 1094 3579 VH
1106 3529 1190 3579 statuit
1206 3526 1326 3577 wadiam
1334 3526 1417 3590 saissa
1434 3542 1489 3575 car·

471 3614 540 3662 minis
557 3611 678 3664 LXXVI.
713 3614 777 3677 quod
796 3623 823 3664 ut
844 3616 946 3677 efficeret
967 3615 1075 3665 seruauit
1099 3613 1125 3664 ia
1149 3631 1174 3665 u.
1201 3612 1220 3662 2
1248 3612 1364 3662 lectionem
1387 3609 1412 3659 V
1434 3628 1491 3661 mes

473 3704 512 3747 est
533 3705 556 3745 et
577 3698 602 3745 ia
618 3675 681 3745 usi
700 3713 748 3760 pro
769 3705 814 3747 tuo
838 3714 895 3749 meo
921 3699 1026 3763 scripsit.
1069 3695 1172 3747 Paccius
1198 3712 1292 3745 carmen
1317 3693 1420 3746 LXXV
1440 3710 1491 3744 cum

472 3778 576 3832 LXXII
594 3780 610 3829 8
632 3778 751 3829 coaiunait
773 3780 818 3845 (cf.
842 3779 966 3846 Speapelii
988 3782 1039 3832 lect.
1057 3780 1109 3844 99)
1211 3780 1304 3831 2mca
1320 3796 1347 3830 es
1365 3777 1491 3845 Scaliyer:

472 3864 551 3916 msa’s
567 3862 737 3914 Lachmanaus
754 3863 790 3913 od
803 3862 938 3915 Lucretium
952 3883 980 3930 p.
994 3865 1032 3916 66
1099 3863 1201 3916 3nullo
1220 3856 1298 3941 [ilar
1399 3864 1425 3914 in
1437 3864 1490 3915 fos-

473 3951 534 4003 dere
557 3949 704 4017 Doerinpius
727 3948 890 4000 Roeiliciius
996 3950 1013 3999 4
1035 3946 1094 4013 tuo]
1119 3965 1164 4000 suo
1187 3948 1272 3999 aldina
1292 3966 1316 4000 a.
1340 3947 1414 3999 1502
1433 3965 1490 3999 mco

474 4034 639 4087 Roeilichius
652 4036 688 4101 (u.
698 4036 786 4101 supra)
854 4041 936 4085 meust
944 4030 1111 4083 Lachmauaus
1123 4032 1163 4083 ad.
1174 4032 1248 4085 Lacr.
1258 4050 1281 4097 p.
1293 4032 1329 4083 67
1341 4033 1381 4099 (cf.
1388 4050 1415 4098 p.
1422 4031 1490 4097 200)

576 4120 671 4173 LXXV
690 4122 703 4173 l
722 4121 796 4173 Nunc
813 4119 871 4170 ooo
888 4118 1026 4169 cuiaciam
1043 4118 1092 4169 ‘uel
1102 4135 1182 4169 errore
1184 4118 1259 4184 felici
1268 4117 1308 4169 uei
1317 4117 1346 4168 (Ie
1357 4118 1491 4168 conicetura

475 4202 543 4256 tatt
560 4203 745 4258 Lachmaaasa:
761 4205 819 4258 Huc
842 4202 868 4255 V
880 4213 934 4254 ana
953 4201 1103 4270 Scaliqerum
1119 4203 1191 4269 uulpo
1292 4202 1393 4254 diducta
1409 4199 1489 4249 Lach-
