3542 5167
652 686 765 739 XXVIII
783 689 1010 744 9-xxvu117

386 868 419 948 (o
440 866 583 945 Memmi,
606 869 689 934 bene
711 892 824 938 meae
846 874 904 958 diu
932 879 1087 960 supinum

323 984 363 1047 10
385 991 453 1047 tota
474 986 539 1049 ieta
560 987 651 1051 trabe
674 988 784 1054 lentus
806 993 1009 1079 irrumeetil)

384 1102 450 1178 eed,
473 1111 634 1185 quantum
656 1107 762 1184 uideo,
785 1113 859 1191 pari
881 1113 991 1177 fuieiie

384 1240 476 1284 eaeu:
499 1244 577 1286 nam
598 1223 703 1288 nihilo
733 1228 860 1291 minore
881 1249 982 1313 uer-pa

382 1339 460 1403 farti
482 1342 570 1405 estis.
593 1349 668 1424 pete
690 1344 816 1409 nobiles
839 1348 969 1412 amieos.

384 1468 417 1522 at
437 1459 533 1523 uobie
555 1460 643 1524 mala
664 1462 771 1525 mulia
798 1462 845 1526 dii
867 1464 1010 1547 deaeque

320 1577 360 1639 15
383 1576 470 1653 dent,
493 1578 668 1660 obprobria
688 1579 844 1644 Romulei
867 1581 1037 1664 Remique.

743 1834 918 1899 XXVIIII

382 1986 464 2088 Iluie
487 2016 549 2081 hoe
570 2026 678 2099 potest
699 2019 819 2095 uidere,
843 2022 917 2101 quie
939 2029 1047 2103 potest
1067 2025 1144 2105 pati,

380 2135 443 2197 nisi
458 2136 651 2217 ¹impudicus
674 2145 706 2200 et
727 2160 831 2202 uorax
859 2146 892 2202 et
913 2140 993 2217 alea,

382 2253 582 2318 Mamurram
603 2255 725 2319 habere
747 2256 834 2337 quod
856 2266 984 2321 comata
1006 2257 1120 2322 Gallia

380 2371 523 2435 habebat
542 2376 650 2436 nnatei
672 2383 704 2437 et
725 2374 845 2438 ultima
867 2376 1063 2439 Britannia?

338 2490 512 2554 beinaede
534 2490 685 2567 Romule,
708 2492 789 2556 haee
811 2493 939 2557 uidebis
962 2503 994 2557 et
1022 2495 1129 2558 feres?

379 2618 412 2672 et
433 2610 490 2672 ille
512 2632 601 2675 nuno
623 2609 784 2693 superbus
805 2619 839 2674 et
861 2615 1065 2694 superfluens

378 2727 616 2811 perambulabit
637 2730 785 2793 omnium
807 2730 928 2794 cubilia

313 2966 453 3017 90mue1n
470 2968 505 3017 mi
527 2976 540 3026 ll
566 2970 595 3018 Il
616 2986 702 3034 pamm
721 2968 791 3019 luisti
815 2978 826 3025 Η
855 2968 884 3017 12
903 2970 979 3019 uerba
1008 2980 1020 3028 ΙΙ
1047 2970 1172 3021 XXVIIII
1190 2969 1218 3021 In
1236 2971 1331 3021 Remu-

312 3051 365 3101 lum
383 3052 542 3103 eathamitum
566 3062 579 3110 ιΙ
602 3052 701 3104 3Nam
718 3072 826 3104 murram
851 3064 863 3112 Η
887 3054 1038 3105 4Habebat
1055 3072 1111 3107 eum
1125 3064 1151 3106 te
1165 3062 1192 3105 ei
1210 3062 1222 3112 ΙΙ
1241 3053 1331 3106 VPer-

381 3188 506 3242 XXVIIII
531 3189 572 3240 De
598 3191 749 3256 inscriptione
779 3193 810 3256 ef.
841 3192 916 3258 aloes.
943 3191 1053 3241 Labbaei
1067 3189 1332 3255 aminterninae

311 3268 421 3354 πόρνος.
444 3278 486 3328 boo
509 3295 602 3327 carmen
624 3276 749 3327 Suetonius
776 3277 825 3329 Iul.
847 3277 880 3327 73
902 3277 975 3327 bisce·
989 3276 1125 3341 deniqnanit
1145 3277 1224 3326 uerbis
1246 3277 1331 3326 Catul-

310 3365 364 3414 lum
381 3383 396 3415 a
413 3382 462 3430 quo
480 3362 607 3430 (Caesar)
626 3364 674 3413 eibi
692 3363 821 3413 uereieuIIs
845 3364 890 3412 ‘de
908 3360 1046 3412 Mamurre'
1068 3368 1190 3427 perpetua
1213 3361 1331 3427 stigmata

312 3450 427 3515 imposita
443 3467 494 3500 non
512 3449 720 3507 dissimulauerat,
734 3481 741 3497 .
754 3484 762 3500 .
773 3482 782 3498 .
795 3449 842 3511 (of.
860 3456 951 3511 qaaeet.
970 3455 1015 3497 eat.
1033 3448 1046 3497 1
1062 3446 1125 3495 223,
1144 3445 1215 3510 235)

314 3535 336 3585 1.
355 3534 372 3585 2
389 3534 456 3600 apud
477 3533 647 3591 Quintilianum
671 3533 764 3584 anta
782 3534 830 3582 141
848 3549 937 3597 aspere
953 3548 1014 3581 uero
1032 3538 1058 3582 et
1074 3530 1204 3591 maledica,
1225 3537 1253 3580 ut
1270 3530 1330 3595 dixi,

311 3621 388 3673 etiam
406 3622 431 3671 in
449 3622 557 3671 carmine
574 3620 663 3671 iambis
681 3626 829 3686 grossantur
846 3617 922 3679 ‘Quis
936 3617 983 3668 hoe
996 3623 1078 3682 potest
1089 3644 1122 3653 -
1135 3633 1213 3666 uorax
1224 3623 1250 3666 et
1262 3614 1330 3667 aleo'

414 3706 430 3755 3
457 3704 536 3755 Plinii
561 3706 615 3756 bin.
642 3715 692 3757 nat.
715 3702 849 3753 XXXVI
870 3704 905 3753 48
936 3703 977 3753 hle
1003 3719 1110 3768 namque
1137 3710 1177 3753 eei
1203 3702 1331 3753 Mamurra

312 3788 405 3839 Catulli
426 3790 572 3840 uereneneie
593 3789 743 3839 carminibus
765 3789 915 3854 proseiseue,
942 3804 1028 3853 quem,
1055 3795 1083 3837 ut
1106 3804 1146 3837 ree
1169 3795 1218 3850 eet,
1241 3788 1330 3837 domne

310 3873 391 3941 ipsius
410 3874 501 3925 elariue
519 3892 593 3940 quam
612 3874 724 3926 Catullus
742 3874 806 3924 dixit
822 3874 916 3924 habere
934 3873 1067 3940 ‘quidquid
1088 3873 1216 3923 habuleset
1233 3878 1330 3922 comata

311 3958 408 4009 Gallia'
510 3959 527 4008 4
545 3959 628 4009 unetei
646 3959 735 4023 aerini
752 3975 780 4007 en
796 3956 913 4008 GFaerni
928 3957 1085 4008 emendatione
1097 3956 1164 4005 uncti
1182 3955 1249 4019 (ω);
1267 3971 1328 4004 uno-

311 4053 364 4093 tum
382 4042 494 4109 Scaliqer
512 4053 570 4094 ante
589 4043 683 4093 Statius
701 4044 746 4095 Lm
763 4044 881 4095 Habebat
898 4052 924 4095 et
942 4051 1029 4095 cuneta
1047 4040 1166 4091 Aeantion
1267 4037 1328 4087 uln-

310 4144 367 4178 mae
384 4128 531 4179 Britanniae
548 4129 637 4178 Daaza
655 4138 727 4192 pater
746 4130 855 4193 praecisi.
873 4147 894 4179 e.
908 4132 940 4180 111
1050 4123 1138 4189 poetfi
1160 4123 1185 4172 ib
1202 4120 1287 4172 aldina
1304 4140 1336 4173 a»

310 4211 385 4263 1502
402 4211 501 4263 editione
517 4213 620 4277 aliisque
637 4211 716 4261 multia
733 4230 815 4264 uerene
839 4214 941 4263 decimae
959 4210 1005 4277 (ef.
1023 4227 1045 4261 a.
1064 4208 1097 4274 2)
1120 4208 1202 4258 iterum
1224 4208 1328 4273 empna

1023 4327 1040 4378 11
