3542 5167
370 695 413 769 96
761 715 857 769 nxrm
873 713 993 767 sa-n

436 908 547 970 omnia
569 926 651 988 quae
675 911 743 969 toto
766 902 940 984 delapsae
963 922 1097 983 corpore
1119 902 1242 982 passim

438 1026 540 1107 ipsius
563 1022 761 1106 antepedes
784 1024 904 1086 fluetus
926 1020 1006 1084 salis
1029 1020 1229 1084 alludebant.

437 1154 481 1207 set
504 1165 608 1225 nequo
631 1152 701 1207 tum
726 1144 843 1205 mitrae
867 1161 971 1221 neque
987 1150 1057 1204 tum
1073 1140 1236 1203 fluitantis
1253 1141 1397 1204 amiotus

438 1265 499 1328 iila
522 1266 627 1328 uioem
651 1283 770 1326 curans
793 1272 860 1324 toto
882 1281 924 1324 ex
948 1269 979 1323 te
1001 1269 1140 1342 pectore,
1162 1260 1301 1335 Theseu,

374 1383 416 1446 70
439 1392 506 1446 toto
529 1383 648 1455 animo,
671 1389 739 1445 tota
761 1379 924 1462 pendebat
947 1379 1072 1463 perdita
1095 1388 1214 1443 mente.

438 1502 479 1566 eh
503 1503 632 1575 misera,
656 1499 797 1565 assiduis
819 1520 919 1581 quam
941 1499 1085 1562 luctibus
1108 1500 1294 1563 externauit

438 1621 588 1703 spinosas
611 1620 758 1704 Erycina
781 1639 892 1682 serens
915 1620 950 1682 in
972 1627 1102 1699 pectore
1125 1638 1219 1681 ouras
1253 1705 1256 1712 ¹

438 1740 496 1804 itla
518 1746 724 1820 tempestate,
747 1738 930 1817 feroxque
953 1740 1065 1799 robore
1088 1735 1235 1799 Theseus

436 1880 586 1942 egressus
610 1856 721 1921 ouruis
743 1876 760 1919 e
783 1856 937 1919 litoribus
959 1855 1071 1918 Piraei

373 1974 414 2041 75
437 1977 549 2058 attigit
570 1976 686 2039 iniusti
710 1976 797 2057 regis
817 1975 972 2058 portynia
994 1983 1086 2038 tecta.

439 2116 515 2158 nam
539 2094 713 2176 perhibent
736 2094 816 2157 oiim
839 2094 966 2157 erudeli
988 2103 1079 2176 peste
1102 2108 1244 2157 coactam

439 2213 686 2297 androgeoueae
708 2233 830 2294 poenas
853 2214 1008 2276 euoluere
1031 2212 1138 2276 caedis

439 2332 560 2395 electos
583 2332 721 2395 iuuenes
743 2331 843 2396 simul
866 2343 899 2395 et
921 2331 1019 2395 decus
1042 2332 1255 2412 innuptarum

438 2449 632 2532 Cecropiam
654 2452 784 2514 solitam
808 2471 878 2514 esse
902 2451 1018 2532 dapem
1042 2450 1119 2513 dare
1143 2450 1340 2512 Minotauro.

372 2791 405 2840 66
423 2791 526 2856 delapso
544 2808 647 2856 corpore
671 2791 684 2839 ΙΙ
703 2790 737 2840 68
754 2790 782 2841 Si
806 2791 818 2839 ΙΙ
838 2790 871 2841 73
890 2791 1008 2855 feroxque
1026 2799 1053 2840 et
1070 2803 1181 2855 tompore
1205 2790 1217 2837 ΙΙ
1237 2789 1269 2838 to
1288 2789 1400 2840 eortinia

372 2885 442 2925 tenta
465 2876 478 2923 ΙΙ
498 2875 530 2925 77
550 2876 613 2925 Cum
631 2876 807 2942 androgeanee

371 3128 477 3179 lucentis
496 3126 591 3177 Statius
681 3128 715 3178 66
732 3129 830 3195 dilapsa
847 3128 978 3179 Mamilius
1068 3129 1101 3180 67
1120 3121 1291 3205 αΙΙίᾱθὺωιῑβ

372 3212 406 3262 68
427 3212 473 3263 Set
490 3212 670 3263 Laehtnanuas:
688 3212 740 3264 Sed
758 3206 775 3290 β
791 3214 834 3264 Sie
851 3213 1016 3264 Rossbachius
1115 3216 1154 3265 71.
1174 3214 1207 3264 72
1226 3212 1320 3263 Nonius
1339 3212 1397 3263 108

373 3294 408 3346 M.
431 3296 464 3347 74
485 3296 519 3348 Ge
538 3297 714 3359 ‘Externsuit’,
733 3308 761 3349 ut
778 3300 960 3359 consternauit,
979 3299 1004 3350 id
1022 3308 1061 3349 est
1078 3299 1220 3349 dementem
1238 3299 1304 3348 fecit.
1342 3299 1395 3349 Ca-

372 3382 448 3433 tullus
475 3380 597 3447 (Catulus
621 3382 689 3451 libri)
716 3388 753 3434 ‘A
775 3384 866 3435 misera
887 3384 999 3435 adsiduis
1021 3401 1094 3449 quem
1116 3384 1224 3434 luctibus
1251 3386 1397 3434 externauit

371 3465 490 3532 spinosas
508 3468 618 3535 Erycina
634 3486 721 3520 serens
739 3470 837 3530 (ferens
856 3470 923 3534 iibri)
942 3471 967 3519 in
986 3478 1088 3536 pectore
1107 3470 1186 3518 euras'
1248 3470 1397 3519 ertonuauit

373 3544 390 3627 β
413 3552 456 3617 (de
473 3553 587 3603 uocabulo
604 3555 744 3605 maritandi
760 3556 791 3618 es.
809 3555 978 3605 Lachmnnmts
996 3553 1031 3604 ad
1047 3554 1120 3603 Lacr.
1140 3552 1207 3603 llll
1220 3553 1303 3617 1020)

371 3635 405 3686 72
423 3636 507 3687 ferens
523 3630 540 3712 β
558 3634 652 3686 Nonius
755 3639 788 3688 73
806 3641 876 3689 ferox
895 3658 944 3705 qua
962 3640 1050 3689 robore
1068 3637 1250 3687 Froeitlicdius:
1272 3637 1395 3701 ferorque

372 3729 398 3769 et
419 3729 530 3785 tempore
560 3718 584 3768 V
611 3717 752 3784 Sparqelt'us
777 3722 827 3773 leet.
855 3724 908 3773 122
937 3724 1008 3774 ferox
1031 3741 1105 3789 quom
1129 3725 1219 3774 roboro
1246 3721 1395 3773 Bitschelius

371 3803 421 3855 ind.
444 3804 495 3854 leet.
518 3806 626 3853 bottaeus.
645 3804 691 3854 tat.
709 3824 733 3854 a.
752 3806 821 3856 1⁸57
836 3825 863 3871 p.
890 3808 929 3857 VI
947 3810 1030 3859 ‘ferox
1052 3827 1101 3875 quo
1123 3828 1153 3860 ex
1177 3818 1288 3873 tompore
1306 3807 1395 3858 datus

371 3890 396 3939 t'a
413 3888 546 3953 eaetrmlam‘
561 3897 641 3937 arneto
658 3886 890 3942 ed.atd.a.1502'
909 3892 1084 3955 Lacinienses,
1102 3894 1145 3957 poi
1155 3894 1197 3942 doc
1208 3892 1301 3955 recepit,
1320 3892 1394 3943 ferox

373 3992 420 4040 quo
443 3986 554 4040 tempore
577 3966 619 4049 βω
721 3973 754 4023 75
778 3974 851 4025 inuisi
876 3976 990 4026 Heinsius
1013 3989 1058 4028 not.
1085 3980 1138 4030 645
1251 3987 1320 4028 tenta
1338 3978 1397 4042 (uel

371 4059 477 4127 tempta)
494 4058 625 4125 Vtemplu
644 4052 686 4137 βω
708 4059 813 4125 Hepat'as
832 4060 885 4125 (sed
901 4048 931 4124 ef.
950 4060 1094 4114 Ritscdelt'trs
1114 4064 1129 4114 l.
1148 4081 1167 4114 c.
1183 4082 1209 4128 p.
1235 4062 1293 4113 VII.
1315 4062 1396 4128 VIII)

451 4142 484 4194 77
503 4144 564 4195 Cum
583 4145 607 4194 in
626 4145 693 4194 libris
711 4145 777 4195 initio
795 4145 863 4193 iuius
880 4162 964 4196 uersas
972 4148 1045 4210 falso
1063 4148 1208 4213 adscriptum
1227 4147 1395 4199 Rossbachius

373 4242 402 4274 ea·
422 4245 492 4278 uersu
509 4229 552 4291 qui
567 4229 682 4279 interierit
697 4229 839 4280 reamnst'sse
857 4229 926 4293 dicit,
945 4232 980 4280 ita
997 4242 1024 4282 at
1040 4234 1098 4282 ieter
1116 4252 1138 4285 a.
1159 4234 1195 4284 76
1212 4243 1234 4283 et
1254 4234 1286 4283 77
1306 4233 1396 4284 lacuna
