3542 5167
450 666 514 731 128
846 683 941 737 nxvn
959 684 1077 735 31-43

515 872 617 952 ‘atqui
638 891 705 934 non
727 870 836 934 solnm
858 874 917 934 boo
939 892 974 935 se
996 870 1077 934 dicit
1099 870 1269 953 cognitum
1292 870 1411 935 habere

555 988 673 1052 Brixia
694 1009 828 1072 eycneae
850 990 1023 1071 supposito
1046 988 1202 1069 speculae,

511 1109 620 1170 flauus
642 1128 741 1188 qnam
763 1106 857 1170 molli
879 1108 1061 1188 praecurrit
1082 1106 1221 1169 flumine
1243 1107 1357 1185 Mella,

553 1225 671 1288 Brixia
692 1226 843 1287 Veronae
865 1232 971 1287 mater
992 1235 1102 1288 amata
1123 1244 1224 1300 meae,

446 1344 488 1406 35
511 1344 567 1406 sed
591 1343 631 1406 de
653 1342 827 1407 Postumio
848 1351 881 1407 et
899 1342 1034 1407 Corneli
1056 1353 1169 1409 narrat
1191 1365 1312 1421 amore,
1386 1328 1389 1333 ’

558 1482 634 1525 cnm
657 1461 777 1543 quibus
799 1462 858 1525 illa
878 1462 1008 1526 malum
1029 1462 1106 1527 fecit
1128 1462 1344 1527 adulterium?

510 1579 632 1643 dixerit
653 1581 707 1648 hic
729 1580 864 1661 aliquis:
887 1583 946 1661 qui
969 1590 1005 1645 tu
1027 1580 1164 1658 isthaec,
1188 1584 1298 1660 ianua,
1321 1585 1417 1659 nosti,

553 1702 605 1763 cui
627 1720 796 1780 nunquam
820 1699 946 1763 domini
968 1699 1085 1763 limine
1108 1700 1221 1765 abesse
1242 1702 1327 1779 licet,

509 1841 570 1883 nec
591 1820 751 1901 populum
773 1817 969 1893 auscultare,
994 1818 1052 1882 sed
1074 1819 1148 1883 heic
1169 1821 1292 1884 suffixa
1314 1822 1421 1903 tigillo

445 1942 487 2005 40
552 1948 682 2029 tantum
705 1936 831 2018 operire
853 1936 938 1999 soles
961 1939 1166 2019 anteperire
1188 1938 1344 2003 domum?

513 2068 618 2139 ‘saepe
640 2054 733 2119 illam
756 2053 870 2117 audiui
892 2054 1015 2119 furtiua
1037 2075 1117 2119 uoce
1140 2056 1327 2138 loquentem
1419 2074 1425 2082 “

552 2176 654 2242 solam
676 2194 752 2239 oum
774 2173 905 2238 ancillis
928 2174 1008 2239 haec
1030 2195 1090 2239 sua
1110 2176 1246 2259 flagitia,

508 2298 640 2361 nomine
662 2294 826 2358 dicentem
848 2314 929 2375 quos
951 2294 1106 2370 diximus,
1129 2303 1168 2359 nt
1189 2305 1263 2379 pote
1286 2317 1369 2376 qnae
1390 2298 1437 2359 mi

444 2485 798 2497 ——--—-———...-.--

441 2640 474 2690 31
494 2588 601 2689 sehociicit
618 2635 631 2682 u
649 2634 683 2684 32
700 2634 790 2684 chinea
807 2632 961 2698 suppositum
979 2633 1080 2699 specula
1097 2634 1110 2682 ΙΙ
1128 2634 1162 2684 33
1176 2635 1301 2700 percurrit
1319 2635 1331 2683 ΙΙ
1351 2634 1425 2685 mello
1440 2636 1453 2682 u

442 2720 476 2773 37
495 2722 554 2787 quid
579 2720 592 2767 u
611 2718 644 2769 39
660 2718 708 2767 hcc
731 2717 744 2765 u
763 2716 797 2766 42
815 2714 874 2767 Sola
893 2733 947 2767 curn
966 2717 1076 2769 conciliis

443 2860 589 2869 -.--.--—
594 2859 646 2866 ...-

526 2942 557 2992 31
571 2942 638 2991 huuc
649 2938 736 2989 aldina
747 2957 771 2987 a.
786 2939 853 2987 1515
866 2939 944 3003 Atqui
956 2939 1003 2989 hoc
1014 2956 1063 2988 non
1076 2939 1156 2989 solnm
1168 2940 1285 3005 estquod
1297 2940 1357 2989 dicit
1369 2938 1458 2988 Froeb-

442 3027 525 3077 Iicbius
593 3025 627 3075 32
646 3023 760 3089 Cycneae
778 3023 907 3088 supposita
924 3022 1042 3088 specubus
1068 3022 1178 3072 Vossius:
1196 3025 1287 3075 chinea
1304 3025 1459 3090 suppositum

438 3110 540 3178 specula
560 3108 643 3157 VLm
660 3106 702 3169 (de
728 3104 820 3170 cyrnea
841 3106 939 3169 specula
961 3108 993 3169 es.
1015 3105 1034 3154 I
1039 3106 1119 3156 Vossit'
1135 3110 1224 3157 obseru.
1242 3107 1300 3157 276
1317 3118 1339 3157 et
1356 3107 1458 3157 PGaI-

439 3194 524 3245 nrdum
540 3192 607 3257 apud
621 3191 730 3255 Vutptum
744 3208 771 3254 p.
790 3190 856 3255 373)
875 3192 1042 3241 ‘Cenomanae
1060 3192 1187 3257 supposita
1209 3192 1325 3257 speculae
1351 3192 1459 3243 Celusius

438 3289 462 3329 et
477 3278 544 3344 apud
560 3276 682 3326 Perrcium
700 3274 813 3324 Pisanus.
853 3275 900 3324 alit
921 3276 1029 3342 Cycnee'
1053 3277 1118 3326 Lm*
1140 3277 1266 3327 Chinaese
1289 3277 1412 3327 Portunus
1432 3296 1458 3331 ω

438 3365 582 3416 Echinaeac
607 3361 728 3411 turnebus
750 3360 845 3410 aduers.
875 3359 898 3408 V
921 3361 955 3410 15
979 3362 1091 3411 Chinaea
1112 3362 1240 3428 supposita
1262 3363 1287 3411 in
1310 3364 1413 3427 specula
1432 3382 1458 3417 tu

439 3451 544 3517 cygnea
560 3448 689 3515 supposita
705 3446 807 3513 specula
825 3443 946 3511 Sillipius.
976 3448 1050 3497 uerba
1066 3464 1149 3497 uersus
1167 3448 1200 3499 32
1219 3447 1267 3496 triu
1282 3448 1418 3511 posteriora
1436 3459 1458 3498 et

438 3552 531 3585 uersum
547 3535 581 3585 33
599 3532 677 3581 omisit
693 3530 856 3581 Froeblt'ebius
1010 3532 1044 3583 33
1066 3542 1088 3581 et
1109 3533 1143 3582 34
1165 3532 1205 3582 det
1227 3531 1345 3597 Muffet'us
1370 3531 1455 3585 Veron.

438 3617 526 3668 illustr.
544 3615 565 3663 Ι
577 3616 617 3666 lib.
637 3616 651 3663 l
667 3624 691 3663 et
706 3632 764 3665 mus.
772 3614 855 3663 Veron.
868 3633 896 3679 p.
914 3614 957 3665 OC
963 3615 987 3665 V
1001 3616 1077 3682 (prob.
1094 3616 1207 3666 Haudius
1226 3620 1274 3667 obs.
1292 3617 1326 3665 21
1344 3615 1457 3680 Sillipt'us

440 3699 614 3764 Rossbachius)
716 3699 750 3747 33
768 3700 909 3764 praecurrit
930 3699 1053 3749 Gluuerius
1071 3699 1150 3747 Lmt:
1172 3701 1298 3766 percurrit
1323 3700 1384 3754 Vtu
1410 3704 1456 3753 Lm

517 3784 595 3835 Mella
612 3776 667 3859 ficu:
691 3781 767 3831 Mello
784 3781 806 3830 V
821 3782 927 3847 Heysius
995 3784 1030 3833 34
1052 3773 1110 3834 tuae
1133 3782 1244 3848 Scaliyer
1346 3786 1456 3838 29-35

442 3869 544 3931 Catullo,
560 3868 595 3919 36
612 3877 635 3917 et
651 3875 772 3931 sequentes
789 3866 876 3915 iarruac
888 3868 997 3916 attribuit
1008 3866 1179 3929 Froeblicbius‚
1198 3867 1362 3920 Rossbachius
1374 3884 1457 3923 couno

437 3953 540 4007 29—40
561 3952 655 4003 Catullo
672 3961 695 4000 et
711 3950 813 4000 41-48
830 3951 924 4000 ianuae.
960 3968 1002 4016 epo
1020 3951 1132 4013 37-40,
1157 3970 1215 4016 quos
1237 3954 1308 4018 uulpo
1326 3956 1401 4025 (Lot)
1419 3958 1455 4006 ia-

437 4059 499 4091 nuae
516 4039 586 4100 dant,
608 4036 702 4088 Catullo
719 4035 849 4101 αᾶείρπαιιί
865 4037 907 4100 (cf.
925 4055 963 4100 qu.
981 4035 1000 4084 I
1013 4037 1080 4099 348)
1160 4038 1192 4088 37
1211 4039 1288 4104 qnid?
1307 4049 1334 4090 tn
1352 4042 1454 4101 isthaec,

437 4124 512 4176 ianus
532 4125 616 4176 nosti?
643 4122 667 4171 V
684 4120 808 4187 (Statius)
831 4119 943 4187 Sitttqtus
965 4120 1129 4172 Rossbachius
1235 4123 1269 4173 39
1290 4124 1346 4176 heio
1367 4126 1456 4188 scripsi

437 4207 480 4272 (pf.
497 4208 554 4258 LV
566 4207 624 4274 12).·
639 4208 687 4258 heo
699 4206 723 4257 V
737 4206 777 4257 hic
795 4200 812 4285 β
835 4206 881 4255 Lm
902 4207 961 4256 huic
979 4222 1004 4258 ω
1121 4208 1155 4257 42
1173 4226 1228 4259 cum
1245 4209 1340 4261 ancillis
1358 4200 1453 4286 β(Εὸνί
