3542 5167
855 915 921 981 LV

446 1010 599 1116 (iremus,
622 1038 650 1103 si
672 1038 757 1102 forte
778 1058 846 1101 non
868 1036 1045 1101 molestum
1066 1046 1123 1115 est,

443 1160 624 1225 demostres
646 1157 703 1222 ubi
726 1156 793 1221 sint
814 1163 891 1220 tuae
913 1156 1076 1220 tenebrae.

446 1383 492 1434 LV
514 1380 551 1446 (ιγ.
569 1380 598 1430 de
615 1381 657 1429 hoc
675 1380 777 1429 carmine
794 1396 856 1443 quae
874 1380 898 1428 in
916 1379 965 1429 ina
987 1379 1037 1429 lect.
1049 1379 1144 1444 dorpat.
1158 1398 1182 1430 a.
1195 1380 1266 1431 1864
1274 1399 1302 1446 p.
1315 1380 1402 1431 3-11

378 1468 435 1518 diri.
472 1483 517 1531 quo
539 1464 605 1514 modo
628 1481 711 1514 uersus
735 1464 846 1513 carminis
868 1464 937 1513 huius
960 1482 976 1513 a
1003 1462 1097 1514 Catullo
1119 1464 1240 1515 distrrhuti
1259 1467 1308 1516 sint
1329 1466 1400 1516 ualde

378 1552 472 1603 dubimu
488 1560 535 1602 est.
570 1551 595 1599 in
616 1549 701 1613 primis
719 1548 873 1612 difficultates
897 1549 994 1598 iniciunt
1010 1548 1101 1615 dactyli
1115 1549 1299 1614 phaloeceorum
1316 1552 1341 1600 in
1359 1552 1401 1599 hoc

379 1655 424 1688 uno
442 1636 545 1685 carmine
562 1652 579 1684 a
601 1632 696 1683 Catullo
713 1633 810 1697 saepius
829 1634 955 1685 coaaocti.
984 1651 1032 1696 qua
1050 1633 1079 1683 de
1096 1636 1252 1684 connectione
1270 1635 1300 1698 cs.
1318 1635 1399 1685 Lach-

378 1740 478 1773 mannus
500 1720 535 1770 ad
558 1719 722 1769 Terentianum
744 1736 772 1782 p.
793 1716 825 1766 X
831 1717 854 1766 V
873 1716 1003 1768 LMueller
1021 1718 1049 1767 de
1066 1735 1093 1767 re
1110 1728 1174 1768 metr.
1192 1719 1249 1770 166
1266 1719 1296 1769 ΙΙ
1301 1719 1400 1770 Weitius

377 1827 433 1860 anri.
455 1806 525 1857 Jahn.
548 1802 696 1855 LXXXV
712 1803 768 1853 337
790 1821 819 1853 m.
843 1821 883 1867 qu.
907 1813 952 1854 cat.
977 1804 996 1853 I
1015 1804 1082 1856 229.
1121 1804 1258 1855 FHandius
1281 1806 1322 1871 (in
1340 1823 1399 1870 pro·

375 1901 508 1960 prammate
526 1890 617 1941 ienensi
632 1908 657 1940 a.
675 1889 750 1952 1818,
768 1906 813 1953 quo
831 1906 925 1938 cannen
941 1890 1020 1939 hocin
1032 1891 1263 1954 oudquamformom
1276 1892 1399 1940 restituere

377 1988 474 2028 conanus
496 1975 544 2044 est)
564 1977 662 2041 putauit
688 1974 806 2025 Catullum
823 1984 918 2039 partem
940 1975 1008 2024 huius
1032 1976 1144 2024 carminis
1166 1975 1273 2040 aliquam
1294 1975 1399 2039 strophis

378 2080 485 2114 uersuum
503 2063 608 2111 binorum
625 2062 661 2110 ita
678 2060 828 2125 conposuisse
845 2069 871 2108 ut
887 2077 970 2109 nasus
992 2061 1083 2126 sinpuli
1096 2061 1191 2125 priores
1209 2060 1328 2126 dactylum
1346 2077 1399 2109 con·

378 2158 477 2200 tractum
495 2147 535 2197 uel
550 2145 689 2211 spondeum,
709 2145 854 2210 posteriores
877 2154 960 2195 contra
982 2146 1096 2212 inteprum
1113 2145 1232 2212 dactylum
1249 2146 1398 2195 continerent·

377 2234 435 2283 haec
456 2250 527 2297 quam
550 2232 634 2281 statuit
654 2230 823 2297 dactylicarum
845 2239 868 2279 et
890 2230 1071 2295 spondaicorum
1089 2249 1196 2282 uersuum
1214 2229 1351 2280 uicissitudo
1370 2248 1398 2281 ae

377 2320 472 2368 tumbata
489 2315 621 2376 uideretur,
643 2332 735 2365 necesse
757 2315 838 2365 hahuit
860 2315 884 2364 in
902 2333 973 2365 uersu
992 2317 1008 2366 8
1025 2317 1099 2368 uideo
1117 2327 1139 2366 et
1157 2317 1195 2367 23
1212 2318 1232 2367 si
1251 2335 1299 2384 ega
1317 2320 1398 2385 fingar

372 2420 420 2468 pro
437 2401 490 2452 uidi
508 2410 531 2450 et
546 2401 568 2451 si
586 2401 667 2467 fingar
685 2400 796 2451 scrihere.
831 2416 877 2463 quo
894 2400 967 2462 sacto
992 2418 1024 2449 ex
1045 2400 1141 2451 Handii
1161 2403 1276 2453 sententia
1293 2422 1310 2453 a
1327 2422 1398 2454 uersu

376 2486 471 2537 1-12
500 2503 542 2535 ses
571 2485 683 2550 strophae
712 2484 832 2549 adparent
861 2484 966 2534 binorum
995 2502 1113 2547 uersuum,
1143 2487 1265 2551 septimam
1294 2490 1399 2552 efficiunt

377 2589 460 2622 nasus
483 2572 518 2621 13
539 2580 561 2620 et
583 2570 620 2620 23
642 2600 676 2607 -
698 2568 812 2620 Handius
834 2570 894 2619 enim
916 2570 1093 2621 Lachmornnrm
1115 2581 1207 2623 secutus
1226 2583 1284 2637 post
1304 2592 1398 2625 uersam

376 2658 412 2708 13
430 2656 505 2706 decem
525 2655 579 2705 iilos
598 2673 681 2705 uersus
699 2655 762 2705 23-
772 2654 810 2704 32
822 2655 922 2705 inscruit
933 2685 974 2717 —‚
986 2656 1069 2705 deinde
1086 2667 1173 2722 septem
1190 2668 1298 2709 secuntur
1315 2678 1398 2709 uersra

376 2742 491 2809 dactylici
507 2741 630 2791 24-30:
647 2741 671 2790 in
689 2741 773 2805 quihus
791 2757 841 2790 cum
859 2758 967 2791 cursores
986 2741 1166 2792 inlustrissimos
1178 2748 1397 2807 commemorarrerit,

371 2836 444 2892 poeta
477 2825 545 2875 metri
573 2825 702 2890 phalaecei
737 2824 878 2875 celeritatem
915 2826 1039 2891 penuinam
1076 2828 1202 2879 retardare
1240 2840 1263 2879 et
1293 2831 1398 2881 cohihere
1453 2808 1458 2817 Ι

375 2911 482 2961 noluerit.
517 2909 559 2959 hos
581 2910 700 2974 excipiunt
722 2910 823 2973 quinque
840 2910 952 2975 strophae
969 2913 1009 2975 (u.
1022 2911 1056 2961 31
1069 2912 1106 2961 32
1118 2914 1234 2979 14-21)
1252 2924 1275 2964 et
1291 2914 1397 2966 dimidia.

375 3013 429 3045 nam
447 3013 507 3044 renus
526 3012 608 3044 uersra
627 2992 770 3058 spondeicus
790 2994 858 3059 (22)
877 3004 960 3045 restat.
995 2996 1063 3046 husius
1083 2996 1179 3047 Handii
1194 3001 1322 3049 sententiae
1337 3018 1397 3064 par-

375 3089 418 3129 tem
439 3079 581 3129 Leutschius
603 3088 667 3129 nunt.
689 3078 772 3129 esuriit.
795 3080 894 3144 pottinp.
918 3081 989 3131 1855
1009 3100 1035 3146 p.
1058 3082 1128 3133 1989
1150 3084 1185 3133 ita
1207 3084 1352 3149 adprobauit
1373 3096 1399 3135 ut

372 3163 496 3213 Handium
514 3173 574 3213 recte
591 3162 684 3227 quidem
692 3163 801 3227 sormam
818 3182 902 3214 uersus
911 3165 1039 3229 phalaecei
1049 3166 1174 3218 distichum
1186 3169 1335 3234 adpnouisse
1353 3169 1398 3220 sed

369 3247 438 3311 salso
456 3264 539 3297 suasus
557 3247 613 3296 illos
631 3246 707 3296 decem
726 3248 827 3297 carmini
843 3249 896 3297 huic
913 3250 1041 3299 inseruisse
1058 3251 1186 3314 iudicaret,
1204 3254 1291 3319 quippe
1310 3255 1353 3318 qui
1369 3272 1397 3304 en

375 3332 451 3382 altero
469 3333 571 3381 carmine
589 3332 653 3395 quod
669 3332 703 3381 ad
719 3331 814 3381 eundem
836 3331 967 3383 Chimerium
984 3334 1013 3383 de
1030 3334 1109 3384 eadem
1121 3354 1148 3384 re
1164 3335 1272 3387 Cohelius
1284 3340 1397 3403 scripsis-

374 3426 411 3466 set
427 3416 519 3466 sericati
534 3426 618 3466 essent.
654 3417 691 3464 his
714 3416 787 3481 ipitur
808 3417 915 3466 uersthrus
934 3418 1028 3466 omissis
1046 3418 1186 3469 Leutschius
1204 3422 1309 3484 strophis
1328 3431 1397 3471 totum

375 3511 484 3551 constare
506 3518 599 3552 carmen
621 3502 754 3551 arbitratus
777 3510 800 3550 ct
821 3501 881 3550 inter
899 3520 921 3551 u.
940 3502 974 3551 13
992 3512 1014 3551 et
1031 3503 1063 3552 14
1081 3521 1173 3552 uersum
1191 3505 1259 3554 huius
1268 3507 1326 3569 sere
1343 3523 1396 3556 sen-

375 3588 459 3636 tentiae
481 3591 516 3635 ‘et
533 3587 600 3636 oneri
615 3587 716 3635 rrtasimo
733 3585 771 3635 es’
794 3596 817 3635 et
834 3596 893 3650 post
913 3586 1017 3635 ultimum
1039 3605 1060 3637 u.
1085 3587 1122 3637 22
1143 3606 1236 3639 uersum
1257 3590 1326 3639 huius
1343 3609 1397 3640 sen-

374 3672 459 3721 tentiae
477 3678 556 3735 ‘quem
574 3673 685 3736 protinus
708 3672 816 3721 uersibus
838 3671 975 3721 celebraho’
995 3673 1069 3738 (conl.
1099 3674 1138 3723 VI
1157 3674 1265 3741 16.17)
1285 3676 1397 3726 amessian

373 3773 424 3806 csse
441 3758 533 3806 statuit.
568 3774 611 3821 epo
629 3757 727 3821 paridem,
748 3774 798 3806 cum
816 3773 899 3805 nasus
917 3758 1008 3823 siuquli
1023 3759 1058 3807 ita
1076 3768 1102 3809 ut
1118 3777 1194 3810 omnes
1213 3761 1291 3811 eodem
1304 3762 1397 3811 modulo

372 3842 492 3905 strophico
510 3851 641 3892 tenerentur
658 3842 771 3892 distribui
787 3860 831 3891 non
846 3853 951 3906 possent,
971 3844 995 3893 in
1012 3844 1060 3894 ind.
1081 3845 1131 3896 lect.
1145 3846 1212 3911 dorp.
1225 3865 1248 3896 a.
1261 3847 1333 3897 1861
1351 3846 1396 3895 dito

364 3941 461 3992 ’ponera
478 3928 591 3991 strophae
608 3930 638 3977 ab
657 3927 756 3976 Handio
774 3937 883 3991 repertae
901 3927 1000 3988 admisi,
1019 3929 1119 3979 alterum
1137 3932 1161 3980 in
1179 3948 1224 3993 quo
1241 3948 1324 3979 uersus
1342 3946 1395 3978 con-

375 4020 465 4061 tractus
483 4012 573 4077 intepro
591 4010 717 4072 antecedit,
740 4012 838 4061 alterum
861 4013 885 4061 in
903 4030 949 4077 quo
966 4013 1047 4063 ordine
1065 4014 1157 4063 inuersa
1176 4014 1226 4062 bini
1241 4030 1324 4063 uersus
1342 4031 1395 4062 con-

374 4095 446 4146 locati
466 4106 526 4147 sunt.
566 4097 636 4161 prius
657 4112 730 4161 petrus
753 4098 777 4145 in
798 4098 920 4161 prioribus
939 4100 976 4164 (a.
999 4098 1098 4165 1-12)
1113 4098 1233 4161 posterius
1252 4099 1276 4148 in
1291 4098 1394 4162 posteri-

371 4181 452 4231 oribus
476 4183 513 4247 (u.
536 4179 670 4244 15-22)
694 4181 806 4230 cartainis
829 4183 936 4233 uersibus
959 4181 1082 4231 inuenitur.
1127 4181 1179 4231 alia
1203 4181 1252 4247 lepe
1274 4184 1298 4233 in
1320 4183 1394 4234 media

372 4266 476 4317 caratiae
493 4285 576 4318 uersus
599 4264 720 4317 23-36
742 4265 848 4316 obstricti
864 4277 929 4329 suut,
953 4267 976 4318 h.
994 4282 1014 4317 s.
1032 4275 1143 4329 quattuor
1159 4267 1272 4331 strophae
1290 4268 1394 4318 binorum

1154 4364 1193 4419 88·
