3542 5167
1293 644 1362 713 Vn

345 853 421 919 fouit
435 852 587 935 exemplo
602 850 742 917 Carolus
758 850 1043 933 heumannus),
1057 872 1122 933 quo
1136 874 1233 917 nemo
1248 852 1363 918 doctus

345 993 506 1055 umquam
532 971 574 1036 de
602 970 737 1036 Catullo
767 970 894 1035 edendo
927 970 1048 1036 melius
1079 973 1218 1037 meritus
1250 981 1299 1037 est
1313 975 1361 1056 ²³).

344 1093 535 1175 exemplum
557 1111 738 1156 uerouense
759 1089 891 1172 quaudo
913 1090 1049 1172 perierit
1075 1100 1140 1166 (an
1166 1090 1262 1156 hodie
1283 1112 1361 1173 quo-

346 1233 411 1294 que
426 1211 548 1276 slioubi
563 1211 677 1294 letet‘i)
700 1211 903 1293 nescitur24).
939 1212 1018 1292 quin
1034 1212 1136 1275 immo
1150 1220 1224 1292 post
1239 1233 1363 1276 aunum

350 1330 454 1407 1375,
493 1350 592 1412 quem
624 1350 725 1413 supra
758 1328 841 1405 dixi,
879 1330 1048 1394 neminem
1084 1331 1273 1395 inuenimus
1309 1332 1365 1413 qui

348 1452 419 1515 eius
440 1450 642 1514 mentionem
664 1449 786 1513 feeerit
831 1449 981 1514 arbitrati
1003 1448 1135 1531 quidem
1157 1459 1238 1513 sunt
1258 1450 1364 1515 bech-

347 1590 489 1634 nrannus
510 1579 544 1634 et
566 1568 787 1653 Hauptius²⁵)
814 1571 912 1633 etiem
940 1568 997 1633 diu
1025 1577 1100 1651 post
1126 1568 1211 1634 illud
1234 1579 1365 1653 tempus

347 1688 498 1770 exemplo
525 1688 701 1752 Ueronensi
729 1687 857 1769 aliquos
883 1688 1033 1752 homiues
1060 1687 1157 1752 italos
1184 1709 1261 1753 usos
1284 1708 1364 1764 esse,

347 1807 453 1871 ueluti
475 1815 606 1889 praeter
628 1807 710 1872 ulios
732 1808 768 1870 in
790 1806 908 1889 primis
923 1806 1153 1871 Alexandrum
1168 1807 1365 1885 Guarinuru,

347 1927 564 2009 professorem
592 1926 674 1991 olim
702 1928 946 2002 ferrariensem,
974 1927 1031 2008 qui
1054 1925 1180 1992 Oetulli
1202 1926 1367 1992 libruma

349 2044 504 2128 Baptista
531 2052 624 2127 patre
652 2046 863 2110 emendatum
897 2066 969 2110 oum
1004 2046 1265 2129 expositionibus
1298 2047 1367 2110 suis

349 2164 501 2229 Venetiis
516 2184 603 2230 auno
626 2165 707 2230 1521
730 2164 838 2230 edidit.
870 2166 929 2229 sed
945 2165 1029 2229 bauo
1043 2166 1239 2231 sententium
1255 2186 1368 2231 ueram

349 2304 420 2349 esso
441 2284 526 2348 mihi
547 2285 744 2367 persuadere
765 2306 832 2349 non
855 2284 934 2348 dum
956 2285 1101 2366 potuba

451 2403 544 2468 Haec
572 2406 600 2468 si
629 2413 716 2469 recte
744 2411 802 2468 eut
823 2401 1040 2486 probabiliter
1062 2404 1179 2467 saltem
1202 2403 1369 2486 disputata

352 2531 441 2599 sunt,
456 2523 554 2605 quale
569 2523 758 2605 exemplum
774 2542 956 2587 ueroueuse
970 2523 1070 2586 fuerit
1084 2542 1150 2585 nou
1161 2522 1257 2586 aliter
1269 2543 1367 2603 quam

352 2642 521 2724 scripturis
551 2640 699 2707 oodicum
732 2643 988 2708 catulliauorum
1024 2642 1183 2706 bonorum
1214 2642 1301 2706 iuter
1333 2662 1369 2705 se

352 2761 529 2843 conpositis
552 2771 586 2825 et
607 2761 796 2843 ponderetis
819 2782 1012 2845 cognoscere
1034 2782 1224 2845 possumus,
1252 2759 1370 2825 deiude

351 2878 393 2943 ad
416 2880 560 2962 exempli
582 2881 694 2963 gallici
709 2880 934 2946 condicionem
956 2880 1177 2964 indugsndam
1199 2881 1261 2945 soli
1283 2880 1370 2944 libro

349 2998 495 3063 thuaneo
527 2998 777 3075 confidendum,
811 2999 952 3083 denique
985 3000 1156 3084 archetypi
1188 3001 1370 3083 proprietas

351 3118 514 3201 exemplis
541 3119 661 3202 gallico
688 3128 721 3184 et
747 3122 922 3185 uerouensi
949 3120 1087 3185 conlatis
1114 3119 1292 3204 aperienda
1311 3128 1370 3186 est.

459 3234 528 3304 Sed
540 3239 633 3321 prius
646 3260 745 3321 quem
757 3240 875 3304 horum
891 3238 1050 3304 librorum
1066 3240 1371 3321 {antiquissimorum

353 3356 451 3420 hodie
478 3355 720 3440 deperditos-um
748 3359 964 3441 proprietates
993 3358 1136 3440 explico,
1169 3357 1266 3422 uideo
1289 3356 1371 3421 mihi

353 3496 458 3556 pauca
480 3476 520 3540 de
542 3476 708 3542 oodioibus
722 3498 825 3541 mauu
839 3476 973 3558 scriptis
995 3475 1042 3539 eis
1065 3474 1185 3557 quibus
1208 3495 1268 3558 ego
1290 3494 1370 3539 usus

354 3592 525 3660 Catullum
546 3598 722 3680 recoguoui
743 3594 940 3680 exponendo
961 3616 1040 3662 esse.
1083 3604 1165 3660 suut
1187 3604 1299 3662 eutem
1321 3594 1371 3660 lui:

353 3872 374 3906 c.
392 3872 418 3922 p.
437 3856 489 3907 284
505 3874 544 3923 sq.
629 3856 664 3907 22
684 3856 717 3908 ct
739 3873 803 3922 quoe
824 3857 878 3922 ipse
900 3857 932 3907 de
954 3872 1002 3907 sss
1016 3855 1128 3907 editione
1146 3853 1211 3904 dixit
1227 3861 1276 3906 sot.
1294 3852 1374 3905 litter.

352 3940 685 3995 huam.a1836nr.109
703 3941 792 3997 11251
863 3940 897 3991 23
914 3940 948 3994 ef,
966 3958 998 4000 ru.
1016 3957 1056 4005 qu.
1076 3937 1120 3992 1'l
1189 3936 1224 3987 24
1241 3934 1374 3988 debiblio-

354 4026 431 4078 tbecs
465 4026 598 4093 capitulari
630 4027 764 4077 uerouensi
798 4027 879 4092 deque
912 4027 1011 4076 casibus
1039 4022 1129 4089 quibus
1155 4020 1255 4072 adflicta
1280 4030 1320 4073 est
1344 4022 1378 4074 ef.

354 4110 469 4162 sulumii
485 4111 569 4163 itiner.
592 4110 645 4163 itti.
664 4112 827 4165 1254-265
914 4110 947 4162 25
969 4128 994 4162 u.
1018 4106 1373 4161 subcommissariis.

354 4214 379 4250 ι.
402 4196 469 4248 1857
490 4214 515 4263 p.
538 4197 556 4246 ὅ
629 4194 665 4245 26
686 4196 719 4248 et
741 4214 807 4262 quae
828 4198 862 4248 de
884 4196 933 4247 lise
954 4211 982 4246 re
1003 4192 1141 4246 murcia
1159 4193 1263 4260 exposui
1278 4194 1307 4246 in
1323 4193 1375 4245 ind.
