3542 5167
435 666 498 730 158
786 675 990 729 mxxxvun
1009 675 1093 726 1-1s

803 894 1079 959 LXXXXVIIII

500 1054 658 1166 Surripui
681 1083 749 1160 tibi,
773 1082 972 1158 (lumbulis,
996 1080 1119 1145 mellite
1142 1080 1286 1159 quenti,

541 1203 728 1267 suauiolum
750 1200 839 1264 dulci
861 1200 990 1265 dulcius
1013 1199 1188 1264 ambrosio.

500 1342 615 1384 uorum
638 1320 671 1383 id
688 1341 753 1383 non
769 1320 904 1403 impune
919 1319 997 1382 tuli:
1021 1339 1163 1401 namque
1178 1319 1320 1400 amplius
1337 1321 1452 1384 horam

541 1440 701 1503 suffixum
724 1438 759 1500 in
782 1458 913 1501 summa
934 1457 987 1500 me
1009 1438 1148 1501 memini
1170 1459 1240 1503 csse
1263 1459 1367 1514 cruos,

456 1558 476 1621 5
500 1556 579 1620 dum
602 1556 662 1619 tibi
686 1577 737 1619 me
760 1576 863 1639 purgo
886 1576 946 1619 nec
968 1577 1104 1638 possum
1126 1556 1259 1622 fletibus
1283 1558 1361 1621 ullis

542 1674 710 1738 tantillum
733 1680 862 1738 uestrae
885 1675 1016 1739 demere
1039 1676 1205 1741 saeuitiae.

499 1815 575 1858 nam
599 1793 697 1857 simul
721 1793 754 1856 id
777 1794 903 1859 factum
926 1801 984 1872 est,
1008 1794 1123 1859 multis
1146 1795 1252 1859 diluta
1275 1794 1396 1859 labella

542 1911 695 1977 abstorsti
716 1914 820 1996 guttis
842 1913 995 1978 omnibus
1018 1914 1174 1991 articulis,

499 2053 536 2094 no
559 2030 735 2112 quicquam
758 2039 869 2096 nostro
891 2039 1096 2097 contractum
1119 2054 1160 2096 ex
1182 2055 1237 2097 ore
1260 2041 1416 2109 maneret,

438 2150 479 2212 10
545 2158 701 2231 tanquam
724 2150 915 2214 commictae
937 2171 1056 2233 spurca
1079 2151 1185 2216 saliua
1207 2152 1314 2236 lupae.

499 2274 668 2350 praeterea
689 2268 807 2334 infesto
829 2269 988 2333 misorum
1010 2290 1063 2334 me
1086 2269 1211 2335 tradere
1235 2272 1352 2336 Amori

543 2408 609 2452 non
631 2388 770 2451 ccssasti
791 2388 946 2469 omnique
968 2390 1156 2454 excruciare
1179 2390 1284 2467 modo,

501 2512 539 2569 ut
562 2508 609 2569 mi
631 2526 673 2569 ex
694 2506 862 2570 ambrosio
884 2515 1050 2571 mutatum
1072 2509 1139 2571 iam
1161 2508 1246 2573 foret
1267 2507 1350 2573 illud

546 2625 710 2690 sauiolum
735 2626 822 2690 tristi
844 2626 975 2691 tristius
997 2627 1169 2692 helleboro.

438 2743 480 2806 15
502 2764 601 2824 quam
623 2743 778 2824 quoniam
800 2764 940 2825 poouam
962 2745 1082 2810 misero
1105 2747 1259 2829 proponis
1282 2749 1394 2825 amori,

545 2883 713 2943 nunquam
735 2863 802 2927 iam
824 2863 963 2946 post-hac
985 2864 1077 2930 basia
1099 2866 1286 2948 surripiam.

507 3167 702 3220 LXXXXVIIII
721 3171 732 3221 l
753 3169 878 3237 Surripuit
898 3172 910 3238 {l
929 3172 946 3222 2
964 3170 1087 3222 ambrosio
1107 3170 1118 3236 ΙΙ
1142 3171 1158 3221 8
1177 3170 1261 3221 (lut-lis
1279 3172 1384 3221 abstersi
1404 3172 1416 3237 ΙΙ
1437 3174 1454 3225 9

439 3252 492 3303 Nec
503 3252 515 3318 ΙΙ
529 3254 560 3304 13
578 3252 638 3304 mihi
649 3254 661 3320 ΙΙ
673 3254 796 3307 ambrosio
807 3256 819 3322 ll
832 3257 864 3307 14
881 3257 991 3308 elleboro
1003 3254 1015 3320 ΙΙ
1029 3255 1059 3306 15
1077 3254 1209 3321 praeponis
1227 3256 1262 3321 (t)

510 3510 707 3564 Lxxxxvssu
732 3512 772 3563 De
797 3512 955 3577 conpositione
983 3511 1051 3563 buius
1080 3509 1192 3560 carminis
1220 3508 1366 3575 spitametricc
1395 3508 1456 3557 dicit

444 3592 609 3645 ORibbeolcius
631 3613 688 3648 mus.
713 3596 795 3649 beloet.
819 3614 872 3650 noo.
896 3595 916 3646 Ι
932 3596 988 3646 225
1096 3592 1257 3644 &abstersa
1275 3591 1352 3659 guttis
1370 3591 1454 3641 aldina

440 3695 465 3727 a.
483 3676 573 3726 1502.-
589 3679 705 3730 Abstsrsi
723 3681 802 3744 guttis
820 3675 837 3758 β
853 3680 940 3731 Guttis
957 3678 1076 3732 abstersti
1088 3677 1207 3726 Auectius
1220 3676 1330 3726 eruendos.
1345 3694 1367 3726 a.
1381 3676 1455 3726 1500

439 3777 464 3816 ω
485 3760 569 3811 Guttis
587 3761 727 3812 abstersisti
745 3763 777 3812 ‘in
799 3765 915 3814 actorebus
935 3764 1011 3815 laris
1030 3761 1139 3812 Muretus
1158 3776 1183 3812 ω
1281 3761 1298 3811 9
1315 3767 1455 3811 contactum

441 3844 603 3895 Rossbachius
708 3846 740 3896 10
757 3847 902 3897 commistae
927 3846 953 3896 V
966 3843 1223 3912 (suapermoneastb)r
1249 3844 1385 3895 conmistse
1409 3844 1455 3893 Lm

440 3932 601 3982 comminctss
622 3923 665 4007 βω
676 3931 818 3982 commistae
836 3948 861 3985 os
964 3929 1038 3996 gulae
1056 3927 1154 3979 Vossius
1172 3932 1214 3995 (es
1230 3935 1318 3995 guttae
1334 3922 1364 4005 β)

443 4017 474 4067 13
496 4014 620 4067 umbrosis
644 4009 662 4093 β
677 4015 717 4080 (ff.
729 4015 895 4067 Lochmonnos
908 4014 943 4065 ud
949 4014 1043 4064 Lucret.
1052 4031 1080 4079 p.
1090 4013 1167 4080 408):
1186 4014 1309 4066 ambrosio
1317 4013 1342 4064 V
1355 4012 1454 4066 osNae·

441 4100 494 4150 kias
512 4099 547 4149 od
570 4098 624 4151 Vol.
646 4100 698 4152 Cat.
712 4118 739 4166 p.
757 4100 812 4153 238
918 4099 947 4151 16
965 4099 1021 4150 Non
1038 4116 1146 4165 unquam
1163 4100 1267 4166 posthae
1284 4097 1397 4165 Scoliyer
1415 4099 1454 4163 (es

441 4182 574 4250 Nunquam
595 4187 698 4251 posthae
719 4179 746 4263 β)
