<?xml version="1.0" encoding="UTF-8"?>
<!DOCTYPE html PUBLIC "-//W3C//DTD XHTML 1.0 Transitional//EN"
    "http://www.w3.org/TR/xhtml1/DTD/xhtml1-transitional.dtd">
<html xmlns="http://www.w3.org/1999/xhtml" xml:lang="en" lang="en">
 <head>
  <title>
</title>
<meta http-equiv="Content-Type" content="text/html;charset=utf-8" />
  <meta name='ocr-system' content='tesseract 3.04.00' />
  <meta name='ocr-capabilities' content='ocr_page ocr_carea ocr_par ocr_line ocrx_word'/>
</head>
<body>
  <div class='ocr_page' id='page_1' title='image "./gvalericatvllil00catugoog_0089.png"; bbox 0 0 3542 5167; ppageno 0'>
   <div class='ocr_carea' id='block_1_1' title="bbox 706 646 970 712">
    <p class='ocr_par' dir='ltr' id='par_1_1' title="bbox 706 646 970 712">
     <span class='ocr_line' id='line_1_1' title="bbox 706 646 970 712; baseline -0.015 -12"><span class='ocrx_word' id='word_1_1' title='bbox 706 646 857 712; x_wconf 69' lang='lat' dir='ltr'>XXXVIIII</span> <span class='ocrx_word' id='word_1_2' title='bbox 873 648 929 697; x_wconf 88' lang='lat' dir='ltr'>l-</span> <span class='ocrx_word' id='word_1_3' title='bbox 942 648 970 708; x_wconf 84' lang='grc'>11</span> 
     </span>
    </p>
   </div>
   <div class='ocr_carea' id='block_1_2' title="bbox 731 916 941 983">
    <p class='ocr_par' dir='ltr' id='par_1_2' title="bbox 731 916 941 983">
     <span class='ocr_line' id='line_1_2' title="bbox 731 916 941 983; baseline -0.005 0"><span class='ocrx_word' id='word_1_4' title='bbox 731 916 941 983; x_wconf 87' lang='lat' dir='ltr'>XXXVIIII</span> 
     </span>
    </p>
   </div>
   <div class='ocr_carea' id='block_1_3' title="bbox 346 1040 1247 1743">
    <p class='ocr_par' dir='ltr' id='par_1_3' title="bbox 386 1040 1247 1507">
     <span class='ocr_line' id='line_1_3' title="bbox 386 1040 1116 1155; baseline 0.005 -23"><span class='ocrx_word' id='word_1_5' title='bbox 386 1040 557 1155; x_wconf 73' lang='lat' dir='ltr'><strong>Egnatius,</strong></span> <span class='ocrx_word' id='word_1_6' title='bbox 580 1069 674 1153; x_wconf 82' lang='lat' dir='ltr'>quod¹</span> <span class='ocrx_word' id='word_1_7' title='bbox 689 1069 846 1144; x_wconf 74' lang='lat' dir='ltr'>candidos</span> <span class='ocrx_word' id='word_1_8' title='bbox 869 1070 969 1135; x_wconf 83' lang='lat' dir='ltr'>habet</span> <span class='ocrx_word' id='word_1_9' title='bbox 991 1070 1116 1144; x_wconf 77' lang='lat' dir='ltr'>dentes,</span> 
     </span>
     <span class='ocr_line' id='line_1_4' title="bbox 388 1186 1247 1271; baseline -0.003 -19"><span class='ocrx_word' id='word_1_10' title='bbox 388 1188 518 1253; x_wconf 81' lang='lat' dir='ltr'>renidet</span> <span class='ocrx_word' id='word_1_11' title='bbox 542 1208 646 1271; x_wconf 89' lang='lat' dir='ltr'>usque</span> <span class='ocrx_word' id='word_1_12' title='bbox 669 1208 806 1270; x_wconf 84' lang='lat' dir='ltr'>quaque.</span> <span class='ocrx_word' id='word_1_13' title='bbox 830 1188 878 1251; x_wconf 88' lang='lat' dir='ltr'>sei</span> <span class='ocrx_word' id='word_1_14' title='bbox 901 1186 943 1254; x_wconf 82' lang='lat' dir='ltr'>ad</span> <span class='ocrx_word' id='word_1_15' title='bbox 965 1189 1013 1250; x_wconf 89' lang='lat' dir='ltr'>rei</span> <span class='ocrx_word' id='word_1_16' title='bbox 1034 1195 1173 1252; x_wconf 91' lang='lat' dir='ltr'>uentum</span> <span class='ocrx_word' id='word_1_17' title='bbox 1195 1194 1247 1250; x_wconf 82' lang='lat' dir='ltr'>est</span> 
     </span>
     <span class='ocr_line' id='line_1_5' title="bbox 386 1305 1112 1383; baseline -0.007 -11"><span class='ocrx_word' id='word_1_18' title='bbox 386 1307 591 1383; x_wconf 79' lang='lat' dir='ltr'><strong>subsellium,</strong></span> <span class='ocrx_word' id='word_1_19' title='bbox 615 1326 690 1370; x_wconf 91' lang='lat' dir='ltr'>oum</span> <span class='ocrx_word' id='word_1_20' title='bbox 713 1312 821 1372; x_wconf 84' lang='lat' dir='ltr'>orator</span> <span class='ocrx_word' id='word_1_21' title='bbox 842 1305 965 1370; x_wconf 80' lang='lat' dir='ltr'>excitat</span> <span class='ocrx_word' id='word_1_22' title='bbox 987 1306 1112 1380; x_wconf 91' lang='lat' dir='ltr'>fletum,</span> 
     </span>
     <span class='ocr_line' id='line_1_6' title="bbox 386 1424 997 1507; baseline -0.003 -17"><span class='ocrx_word' id='word_1_23' title='bbox 386 1425 514 1490; x_wconf 84' lang='lat' dir='ltr'>renidet</span> <span class='ocrx_word' id='word_1_24' title='bbox 535 1426 601 1488; x_wconf 89' lang='lat' dir='ltr'>ille.</span> <span class='ocrx_word' id='word_1_25' title='bbox 625 1426 654 1489; x_wconf 89' lang='lat' dir='ltr'>si</span> <span class='ocrx_word' id='word_1_26' title='bbox 676 1424 717 1488; x_wconf 89' lang='lat' dir='ltr'>ad</span> <span class='ocrx_word' id='word_1_27' title='bbox 739 1425 785 1507; x_wconf 91' lang='lat' dir='ltr'>pii</span> <span class='ocrx_word' id='word_1_28' title='bbox 806 1446 923 1507; x_wconf 91' lang='lat' dir='ltr'>rogum</span> <span class='ocrx_word' id='word_1_29' title='bbox 945 1424 997 1488; x_wconf 88' lang='lat' dir='ltr'>fili</span> 
     </span>
    </p>

    <p class='ocr_par' dir='ltr' id='par_1_4' title="bbox 346 1543 1156 1743">
     <span class='ocr_line' id='line_1_7' title="bbox 346 1543 1104 1627; baseline -0.003 -19"><span class='ocrx_word' id='word_1_30' title='bbox 346 1546 367 1608; x_wconf 83' lang='lat'><strong>5</strong></span> <span class='ocrx_word' id='word_1_31' title='bbox 389 1545 529 1627; x_wconf 83' lang='lat' dir='ltr'>lugetur,</span> <span class='ocrx_word' id='word_1_32' title='bbox 553 1543 632 1615; x_wconf 80' lang='lat' dir='ltr'>orba</span> <span class='ocrx_word' id='word_1_33' title='bbox 654 1564 730 1608; x_wconf 86' lang='lat' dir='ltr'>oum</span> <span class='ocrx_word' id='word_1_34' title='bbox 752 1544 809 1607; x_wconf 85' lang='lat' dir='ltr'>flet</span> <span class='ocrx_word' id='word_1_35' title='bbox 830 1543 967 1608; x_wconf 82' lang='lat' dir='ltr'>unicum</span> <span class='ocrx_word' id='word_1_36' title='bbox 990 1550 1104 1618; x_wconf 86' lang='lat' dir='ltr'>mater,</span> 
     </span>
     <span class='ocr_line' id='line_1_8' title="bbox 389 1660 1156 1743; baseline -0.004 -18"><span class='ocrx_word' id='word_1_37' title='bbox 389 1661 519 1726; x_wconf 88' lang='lat' dir='ltr'>renidet</span> <span class='ocrx_word' id='word_1_38' title='bbox 539 1662 606 1726; x_wconf 90' lang='lat' dir='ltr'>ille.</span> <span class='ocrx_word' id='word_1_39' title='bbox 630 1660 786 1743; x_wconf 89' lang='lat' dir='ltr'>quiequid</span> <span class='ocrx_word' id='word_1_40' title='bbox 809 1669 866 1736; x_wconf 87' lang='lat' dir='ltr'>est,</span> <span class='ocrx_word' id='word_1_41' title='bbox 890 1660 1079 1741; x_wconf 83' lang='lat' dir='ltr'>ubicunque.</span> <span class='ocrx_word' id='word_1_42' title='bbox 1098 1668 1156 1735; x_wconf 85' lang='lat' dir='ltr'>est,</span> 
     </span>
    </p>
   </div>
   <div class='ocr_carea' id='block_1_4' title="bbox 388 1778 1271 1863">
    <p class='ocr_par' dir='ltr' id='par_1_5' title="bbox 388 1778 1271 1863">
     <span class='ocr_line' id='line_1_9' title="bbox 388 1778 1271 1863; baseline -0.003 -18"><span class='ocrx_word' id='word_1_43' title='bbox 388 1780 604 1863; x_wconf 86' lang='lat' dir='ltr'>quodeunque</span> <span class='ocrx_word' id='word_1_44' title='bbox 626 1782 704 1863; x_wconf 83' lang='lat' dir='ltr'>agit,</span> <span class='ocrx_word' id='word_1_45' title='bbox 726 1779 864 1843; x_wconf 88' lang='lat' dir='ltr'>renidet.</span> <span class='ocrx_word' id='word_1_46' title='bbox 888 1780 975 1844; x_wconf 90' lang='lat' dir='ltr'>huno</span> <span class='ocrx_word' id='word_1_47' title='bbox 998 1780 1097 1843; x_wconf 84' lang='lat' dir='ltr'>habet</span> <span class='ocrx_word' id='word_1_48' title='bbox 1119 1778 1271 1843; x_wconf 91' lang='lat' dir='ltr'>morbum</span> 
     </span>
    </p>
   </div>
   <div class='ocr_carea' id='block_1_5' title="bbox 325 1898 1268 2338">
    <p class='ocr_par' dir='ltr' id='par_1_6' title="bbox 389 1898 1268 1982">
     <span class='ocr_line' id='line_1_10' title="bbox 389 1898 1268 1982; baseline -0.001 -19"><span class='ocrx_word' id='word_1_49' title='bbox 389 1921 493 1981; x_wconf 90' lang='lat' dir='ltr'>neque</span> <span class='ocrx_word' id='word_1_50' title='bbox 515 1900 709 1982; x_wconf 73' lang='lat' dir='ltr'>elegantem,</span> <span class='ocrx_word' id='word_1_51' title='bbox 732 1906 770 1964; x_wconf 87' lang='lat' dir='ltr'>ut</span> <span class='ocrx_word' id='word_1_52' title='bbox 791 1900 942 1974; x_wconf 85' lang='lat' dir='ltr'>arbitror,</span> <span class='ocrx_word' id='word_1_53' title='bbox 965 1918 1076 1980; x_wconf 87' lang='lat' dir='ltr'>neque</span> <span class='ocrx_word' id='word_1_54' title='bbox 1094 1898 1268 1962; x_wconf 86' lang='lat' dir='ltr'>urbanum.</span> 
     </span>
    </p>

    <p class='ocr_par' dir='ltr' id='par_1_7' title="bbox 325 2017 1209 2202">
     <span class='ocr_line' id='line_1_11' title="bbox 388 2017 1209 2100; baseline -0.005 -17"><span class='ocrx_word' id='word_1_55' title='bbox 388 2039 488 2100; x_wconf 86' lang='lat' dir='ltr'>quare</span> <span class='ocrx_word' id='word_1_56' title='bbox 511 2017 711 2082; x_wconf 92' lang='lat' dir='ltr'>monendum</span> <span class='ocrx_word' id='word_1_57' title='bbox 733 2027 761 2082; x_wconf 91' lang='lat' dir='ltr'>te</span> <span class='ocrx_word' id='word_1_58' title='bbox 782 2028 833 2082; x_wconf 86' lang='lat' dir='ltr'>est</span> <span class='ocrx_word' id='word_1_59' title='bbox 854 2018 948 2095; x_wconf 85' lang='lat' dir='ltr'>mihi,</span> <span class='ocrx_word' id='word_1_60' title='bbox 971 2018 1055 2082; x_wconf 89' lang='lat' dir='ltr'>bone</span> <span class='ocrx_word' id='word_1_61' title='bbox 1077 2017 1209 2099; x_wconf 83' lang='lat' dir='ltr'>Egnati.</span> 
     </span>
     <span class='ocr_line' id='line_1_12' title="bbox 325 2134 1165 2202; baseline -0.004 0"><span class='ocrx_word' id='word_1_62' title='bbox 325 2138 366 2202; x_wconf 89' lang='lat'>10</span> <span class='ocrx_word' id='word_1_63' title='bbox 388 2138 416 2201; x_wconf 89' lang='lat' dir='ltr'>si</span> <span class='ocrx_word' id='word_1_64' title='bbox 438 2137 584 2202; x_wconf 84' lang='lat' dir='ltr'>urbanus</span> <span class='ocrx_word' id='word_1_65' title='bbox 607 2157 695 2201; x_wconf 86' lang='lat' dir='ltr'>esses</span> <span class='ocrx_word' id='word_1_66' title='bbox 717 2143 775 2201; x_wconf 87' lang='lat' dir='ltr'>aut</span> <span class='ocrx_word' id='word_1_67' title='bbox 797 2134 942 2202; x_wconf 77' lang='lat' dir='ltr'>Sabinus</span> <span class='ocrx_word' id='word_1_68' title='bbox 966 2143 1023 2201; x_wconf 84' lang='lat' dir='ltr'>aut</span> <span class='ocrx_word' id='word_1_69' title='bbox 1044 2135 1165 2201; x_wconf 73' lang='lat' dir='ltr'>Tiburs</span> 
     </span>
    </p>

    <p class='ocr_par' dir='ltr' id='par_1_8' title="bbox 389 2254 1132 2338">
     <span class='ocr_line' id='line_1_13' title="bbox 389 2254 1132 2338; baseline -0.001 -18"><span class='ocrx_word' id='word_1_70' title='bbox 389 2266 446 2320; x_wconf 88' lang='lat' dir='ltr'>aut</span> <span class='ocrx_word' id='word_1_71' title='bbox 467 2265 578 2338; x_wconf 86' lang='lat' dir='ltr'>pastus</span> <span class='ocrx_word' id='word_1_72' title='bbox 601 2254 727 2320; x_wconf 84' lang='lat' dir='ltr'>Vmber</span> <span class='ocrx_word' id='word_1_73' title='bbox 748 2265 806 2321; x_wconf 83' lang='lat' dir='ltr'>aut</span> <span class='ocrx_word' id='word_1_74' title='bbox 828 2256 946 2321; x_wconf 88' lang='lat' dir='ltr'>obesus</span> <span class='ocrx_word' id='word_1_75' title='bbox 969 2256 1132 2320; x_wconf 80' lang='lat' dir='ltr'>Etruscus</span> 
     </span>
    </p>
   </div>
   <div class='ocr_carea' id='block_1_6' title="bbox 325 2456 1341 2609">
    <p class='ocr_par' dir='ltr' id='par_1_9' title="bbox 325 2456 1341 2609">
     <span class='ocr_line' id='line_1_14' title="bbox 393 2456 1341 2524; baseline -0.005 -14"><span class='ocrx_word' id='word_1_76' title='bbox 393 2459 542 2510; x_wconf 86' lang='lat' dir='ltr'>XXXVIIII</span> <span class='ocrx_word' id='word_1_77' title='bbox 559 2459 576 2507; x_wconf 90' lang='lat'><strong>3</strong></span> <span class='ocrx_word' id='word_1_78' title='bbox 594 2458 737 2509; x_wconf 82' lang='lat' dir='ltr'>Subsellum</span> <span class='ocrx_word' id='word_1_79' title='bbox 761 2468 773 2515; x_wconf 82' lang='grc'>11</span> <span class='ocrx_word' id='word_1_80' title='bbox 797 2460 986 2510; x_wconf 83' lang='lat' dir='ltr'>excitatorator</span> <span class='ocrx_word' id='word_1_81' title='bbox 1010 2467 1022 2515; x_wconf 93' lang='grc' dir='ltr'>ΙΙ</span> <span class='ocrx_word' id='word_1_82' title='bbox 1046 2457 1221 2524; x_wconf 85' lang='lat' dir='ltr'>4rogumfilii</span> <span class='ocrx_word' id='word_1_83' title='bbox 1245 2467 1257 2515; x_wconf 76' lang='lat' dir='ltr'>tt</span> <span class='ocrx_word' id='word_1_84' title='bbox 1292 2456 1341 2506; x_wconf 83' lang='lat' dir='ltr'>9te</span> 
     </span>
     <span class='ocr_line' id='line_1_15' title="bbox 325 2544 673 2609; baseline -0.003 -14"><span class='ocrx_word' id='word_1_85' title='bbox 325 2546 433 2595; x_wconf 69' lang='lat' dir='ltr'>omasum</span> <span class='ocrx_word' id='word_1_86' title='bbox 457 2554 469 2601; x_wconf 88' lang='grc' dir='ltr'>ΙΙ</span> <span class='ocrx_word' id='word_1_87' title='bbox 496 2544 524 2592; x_wconf 91' lang='lat' dir='ltr'>ll</span> <span class='ocrx_word' id='word_1_88' title='bbox 545 2559 635 2609; x_wconf 82' lang='lat' dir='ltr'>parcus</span> <span class='ocrx_word' id='word_1_89' title='bbox 661 2552 673 2599; x_wconf 89' lang='grc' dir='ltr'>ΙΙ</span> 
     </span>
    </p>
   </div>
   <div class='ocr_carea' id='block_1_7' title="bbox 320 2659 1412 4267">
    <p class='ocr_par' dir='ltr' id='par_1_10' title="bbox 320 2659 1412 4267">
     <span class='ocr_line' id='line_1_16' title="bbox 390 2659 1343 2726; baseline -0.006 -11"><span class='ocrx_word' id='word_1_90' title='bbox 390 2660 542 2715; x_wconf 88' lang='lat' dir='ltr'>XXXVIIII</span> <span class='ocrx_word' id='word_1_91' title='bbox 559 2661 599 2710; x_wconf 84' lang='lat' dir='ltr'>De</span> <span class='ocrx_word' id='word_1_92' title='bbox 617 2662 659 2711; x_wconf 83' lang='lat' dir='ltr'>hoc</span> <span class='ocrx_word' id='word_1_93' title='bbox 677 2662 780 2711; x_wconf 83' lang='lat' dir='ltr'>carmine</span> <span class='ocrx_word' id='word_1_94' title='bbox 797 2663 828 2726; x_wconf 86' lang='lat' dir='ltr'>cf.</span> <span class='ocrx_word' id='word_1_95' title='bbox 841 2661 979 2711; x_wconf 84' lang='lat' dir='ltr'>FOsannus</span> <span class='ocrx_word' id='word_1_96' title='bbox 997 2671 1112 2712; x_wconf 74' lang='lat' dir='ltr'>comment.</span> <span class='ocrx_word' id='word_1_97' title='bbox 1130 2661 1241 2711; x_wconf 84' lang='lat' dir='ltr'>seminar.</span> <span class='ocrx_word' id='word_1_98' title='bbox 1256 2659 1343 2724; x_wconf 79' lang='lat' dir='ltr'>philol.</span> 
     </span>
     <span class='ocr_line' id='line_1_17' title="bbox 323 2743 1341 2813; baseline -0.004 -16"><span class='ocrx_word' id='word_1_99' title='bbox 323 2749 423 2813; x_wconf 70' lang='lat' dir='ltr'>yisssns.</span> <span class='ocrx_word' id='word_1_100' title='bbox 442 2750 454 2797; x_wconf 87' lang='lat'><em>1</em></span> <span class='ocrx_word' id='word_1_101' title='bbox 470 2745 518 2811; x_wconf 87' lang='lat' dir='ltr'>(ed.</span> <span class='ocrx_word' id='word_1_102' title='bbox 538 2764 561 2797; x_wconf 87' lang='lat' dir='ltr'>a.</span> <span class='ocrx_word' id='word_1_103' title='bbox 580 2746 666 2812; x_wconf 71' lang='lat'><em>1856)</em></span> <span class='ocrx_word' id='word_1_104' title='bbox 687 2749 703 2797; x_wconf 83' lang='lat'><em>8</em></span> <span class='ocrx_word' id='word_1_105' title='bbox 710 2748 780 2797; x_wconf 79' lang='lat'>-15</span> <span class='ocrx_word' id='word_1_106' title='bbox 892 2748 909 2796; x_wconf 82' lang='lat'>2</span> <span class='ocrx_word' id='word_1_107' title='bbox 934 2748 984 2798; x_wconf 84' lang='lat' dir='ltr'>‘soi</span> <span class='ocrx_word' id='word_1_108' title='bbox 1002 2745 1193 2797; x_wconf 84' lang='lat' dir='ltr'>Laurentianus&#39;</span> <span class='ocrx_word' id='word_1_109' title='bbox 1218 2745 1264 2794; x_wconf 91' lang='lat' dir='ltr'>Lm</span> <span class='ocrx_word' id='word_1_110' title='bbox 1293 2743 1341 2794; x_wconf 73' lang='lat' dir='ltr'>Vr:</span> 
     </span>
     <span class='ocr_line' id='line_1_18' title="bbox 325 2824 1344 2908; baseline -0.004 -25"><span class='ocrx_word' id='word_1_111' title='bbox 325 2850 370 2883; x_wconf 82' lang='lat' dir='ltr'>seu</span> <span class='ocrx_word' id='word_1_112' title='bbox 388 2833 444 2896; x_wconf 83' lang='lat' dir='ltr'>(nel</span> <span class='ocrx_word' id='word_1_113' title='bbox 464 2831 523 2894; x_wconf 85' lang='lat' dir='ltr'>sod)</span> <span class='ocrx_word' id='word_1_114' title='bbox 544 2824 586 2908; x_wconf 86' lang='grc' dir='ltr'>βω</span> <span class='ocrx_word' id='word_1_115' title='bbox 604 2832 625 2881; x_wconf 86' lang='lat' dir='ltr'>si</span> <span class='ocrx_word' id='word_1_116' title='bbox 650 2831 749 2881; x_wconf 83' lang='lat' dir='ltr'>Vossius</span> <span class='ocrx_word' id='word_1_117' title='bbox 768 2833 817 2895; x_wconf 83' lang='lat' dir='ltr'>(cs.</span> <span class='ocrx_word' id='word_1_118' title='bbox 836 2850 858 2881; x_wconf 85' lang='lat' dir='ltr'>a.</span> <span class='ocrx_word' id='word_1_119' title='bbox 878 2834 911 2895; x_wconf 75' lang='lat' dir='ltr'>t)</span> <span class='ocrx_word' id='word_1_120' title='bbox 1013 2832 1031 2880; x_wconf 88' lang='lat'>4</span> <span class='ocrx_word' id='word_1_121' title='bbox 1057 2848 1101 2882; x_wconf 86' lang='lat' dir='ltr'>seu</span> <span class='ocrx_word' id='word_1_122' title='bbox 1123 2832 1155 2881; x_wconf 86' lang='lat' dir='ltr'>ad</span> <span class='ocrx_word' id='word_1_123' title='bbox 1177 2829 1212 2896; x_wconf 87' lang='lat' dir='ltr'>pii</span> <span class='ocrx_word' id='word_1_124' title='bbox 1235 2828 1288 2896; x_wconf 84' lang='lat' dir='ltr'>(ael</span> <span class='ocrx_word' id='word_1_125' title='bbox 1308 2829 1344 2895; x_wconf 85' lang='lat' dir='ltr'>pii</span> 
     </span>
     <span class='ocr_line' id='line_1_19' title="bbox 324 2914 1341 2984; baseline -0.003 -17"><span class='ocrx_word' id='word_1_126' title='bbox 324 2918 370 2982; x_wconf 86' lang='lat' dir='ltr'>od)</span> <span class='ocrx_word' id='word_1_127' title='bbox 389 2935 413 2971; x_wconf 88' lang='grc' dir='ltr'>ω</span> <span class='ocrx_word' id='word_1_128' title='bbox 437 2918 484 2981; x_wconf 63' lang='lat' dir='ltr'>(gs.</span> <span class='ocrx_word' id='word_1_129' title='bbox 511 2936 534 2967; x_wconf 82' lang='lat' dir='ltr'>a.</span> <span class='ocrx_word' id='word_1_130' title='bbox 556 2918 589 2984; x_wconf 83' lang='lat'>2)</span> <span class='ocrx_word' id='word_1_131' title='bbox 719 2915 736 2965; x_wconf 89' lang='grc'>9</span> <span class='ocrx_word' id='word_1_132' title='bbox 762 2925 787 2966; x_wconf 85' lang='lat' dir='ltr'>te</span> <span class='ocrx_word' id='word_1_133' title='bbox 818 2914 870 2965; x_wconf 88' lang='lat' dir='ltr'>add</span> <span class='ocrx_word' id='word_1_134' title='bbox 894 2914 1036 2980; x_wconf 72' lang='lat' dir='ltr'>Spenyelias</span> <span class='ocrx_word' id='word_1_135' title='bbox 1067 2915 1117 2967; x_wconf 85' lang='lat' dir='ltr'>lect.</span> <span class='ocrx_word' id='word_1_136' title='bbox 1144 2915 1207 2968; x_wconf 86' lang='lat'><em>121:</em></span> <span class='ocrx_word' id='word_1_137' title='bbox 1239 2931 1341 2965; x_wconf 83' lang='lat' dir='ltr'>mouen-</span> 
     </span>
     <span class='ocr_line' id='line_1_20' title="bbox 324 2998 1342 3066; baseline -0.002 -15"><span class='ocrx_word' id='word_1_138' title='bbox 324 3002 370 3053; x_wconf 84' lang='lat' dir='ltr'>dus</span> <span class='ocrx_word' id='word_1_139' title='bbox 386 3020 413 3054; x_wconf 86' lang='lat' dir='ltr'>es</span> <span class='ocrx_word' id='word_1_140' title='bbox 427 3018 451 3054; x_wconf 88' lang='grc' dir='ltr'>ω</span> <span class='ocrx_word' id='word_1_141' title='bbox 475 3004 613 3058; x_wconf 84' lang='lat' dir='ltr'>monendus</span> <span class='ocrx_word' id='word_1_142' title='bbox 639 3009 679 3051; x_wconf 79' lang='lat' dir='ltr'>est</span> <span class='ocrx_word' id='word_1_143' title='bbox 698 3001 767 3053; x_wconf 91' lang='lat' dir='ltr'>mihi.</span> <span class='ocrx_word' id='word_1_144' title='bbox 796 3002 860 3052; x_wconf 86' lang='lat' dir='ltr'>bono</span> <span class='ocrx_word' id='word_1_145' title='bbox 884 2999 994 3051; x_wconf 76' lang='lat' dir='ltr'>Muretus·</span> <span class='ocrx_word' id='word_1_146' title='bbox 1113 3002 1141 3051; x_wconf 92' lang='lat' dir='ltr'>ll</span> <span class='ocrx_word' id='word_1_147' title='bbox 1166 3010 1253 3066; x_wconf 85' lang='lat' dir='ltr'>pastus</span> <span class='ocrx_word' id='word_1_148' title='bbox 1281 2998 1342 3049; x_wconf 87' lang='lat' dir='ltr'>Vos·</span> 
     </span>
     <span class='ocr_line' id='line_1_21' title="bbox 322 3083 1342 3153; baseline -0.002 -18"><span class='ocrx_word' id='word_1_149' title='bbox 322 3088 373 3136; x_wconf 85' lang='lat' dir='ltr'>sius</span> <span class='ocrx_word' id='word_1_150' title='bbox 399 3087 475 3139; x_wconf 87' lang='lat' dir='ltr'>Lm*:</span> <span class='ocrx_word' id='word_1_151' title='bbox 503 3105 593 3153; x_wconf 81' lang='lat' dir='ltr'>parcus</span> <span class='ocrx_word' id='word_1_152' title='bbox 629 3085 673 3141; x_wconf 82' lang='lat' dir='ltr'>Vm</span> <span class='ocrx_word' id='word_1_153' title='bbox 702 3086 749 3135; x_wconf 90' lang='lat' dir='ltr'>Lm</span> <span class='ocrx_word' id='word_1_154' title='bbox 775 3086 854 3137; x_wconf 80' lang='lat' dir='ltr'>fartus</span> <span class='ocrx_word' id='word_1_155' title='bbox 881 3083 941 3134; x_wconf 87' lang='lat' dir='ltr'>idem</span> <span class='ocrx_word' id='word_1_156' title='bbox 975 3084 1072 3135; x_wconf 75' lang='lat' dir='ltr'>Vossius</span> <span class='ocrx_word' id='word_1_157' title='bbox 1100 3096 1122 3135; x_wconf 90' lang='lat' dir='ltr'>et</span> <span class='ocrx_word' id='word_1_158' title='bbox 1145 3084 1269 3150; x_wconf 69' lang='lat' dir='ltr'>Meleager</span> <span class='ocrx_word' id='word_1_159' title='bbox 1292 3083 1342 3148; x_wconf 85' lang='lat' dir='ltr'>spi-</span> 
     </span>
     <span class='ocr_line' id='line_1_22' title="bbox 322 3169 1342 3239; baseline -0.002 -20"><span class='ocrx_word' id='word_1_160' title='bbox 322 3170 361 3221; x_wconf 85' lang='lat' dir='ltr'>cil.</span> <span class='ocrx_word' id='word_1_161' title='bbox 380 3171 414 3221; x_wconf 88' lang='lat'>21</span> <span class='ocrx_word' id='word_1_162' title='bbox 432 3171 496 3220; x_wconf 82' lang='lat' dir='ltr'>Lm*</span> <span class='ocrx_word' id='word_1_163' title='bbox 514 3171 597 3239; x_wconf 84' lang='lat' dir='ltr'><em>(Hp).</em></span> <span class='ocrx_word' id='word_1_164' title='bbox 623 3170 761 3221; x_wconf 83' lang='lat' dir='ltr'>uocabulum</span> <span class='ocrx_word' id='word_1_165' title='bbox 783 3188 800 3219; x_wconf 95' lang='lat' dir='ltr'>a</span> <span class='ocrx_word' id='word_1_166' title='bbox 821 3169 916 3221; x_wconf 83' lang='lat' dir='ltr'>Catullo</span> <span class='ocrx_word' id='word_1_167' title='bbox 939 3171 981 3219; x_wconf 78' lang='lat' dir='ltr'>doc</span> <span class='ocrx_word' id='word_1_168' title='bbox 1005 3170 1054 3219; x_wconf 84' lang='lat' dir='ltr'>loco</span> <span class='ocrx_word' id='word_1_169' title='bbox 1077 3170 1189 3235; x_wconf 84' lang='lat' dir='ltr'>scriptam</span> <span class='ocrx_word' id='word_1_170' title='bbox 1216 3170 1266 3219; x_wconf 84' lang='lat' dir='ltr'>eius</span> <span class='ocrx_word' id='word_1_171' title='bbox 1283 3169 1342 3233; x_wconf 89' lang='lat' dir='ltr'>fere</span> 
     </span>
     <span class='ocr_line' id='line_1_23' title="bbox 322 3254 1342 3319; baseline 0 -16"><span class='ocrx_word' id='word_1_172' title='bbox 322 3256 449 3304; x_wconf 86' lang='lat' dir='ltr'>sententiae</span> <span class='ocrx_word' id='word_1_173' title='bbox 463 3255 634 3319; x_wconf 72' lang='lat' dir='ltr'>subsequam</span> <span class='ocrx_word' id='word_1_174' title='bbox 651 3254 821 3305; x_wconf 76' lang='lat' dir='ltr'>emendationes</span> <span class='ocrx_word' id='word_1_175' title='bbox 844 3256 973 3305; x_wconf 71' lang='lat' dir='ltr'>vestiariae</span> <span class='ocrx_word' id='word_1_176' title='bbox 989 3258 1106 3319; x_wconf 83' lang='lat' dir='ltr'>praebent</span> <span class='ocrx_word' id='word_1_177' title='bbox 1128 3256 1288 3305; x_wconf 83' lang='lat' dir='ltr'>demonstrare</span> <span class='ocrx_word' id='word_1_178' title='bbox 1306 3255 1342 3304; x_wconf 79' lang='grc' dir='ltr'>αἱ·</span> 
     </span>
     <span class='ocr_line' id='line_1_24' title="bbox 323 3337 1341 3405; baseline 0.001 -18"><span class='ocrx_word' id='word_1_179' title='bbox 323 3338 406 3389; x_wconf 84' lang='lat' dir='ltr'>dentur</span> <span class='ocrx_word' id='word_1_180' title='bbox 423 3340 481 3388; x_wconf 79' lang='lat' dir='ltr'>doec</span> <span class='ocrx_word' id='word_1_181' title='bbox 498 3357 559 3403; x_wconf 82' lang='lat' dir='ltr'>qaae</span> <span class='ocrx_word' id='word_1_182' title='bbox 575 3337 687 3405; x_wconf 72' lang='lat' dir='ltr'>Scaliger</span> <span class='ocrx_word' id='word_1_183' title='bbox 704 3340 739 3389; x_wconf 87' lang='lat' dir='ltr'>od</span> <span class='ocrx_word' id='word_1_184' title='bbox 754 3358 822 3389; x_wconf 73' lang='lat' dir='ltr'>seram</span> <span class='ocrx_word' id='word_1_185' title='bbox 840 3341 916 3403; x_wconf 71' lang='lat' dir='ltr'>ipsius</span> <span class='ocrx_word' id='word_1_186' title='bbox 934 3340 984 3403; x_wconf 86' lang='lat' dir='ltr'>(ad</span> <span class='ocrx_word' id='word_1_187' title='bbox 1002 3339 1131 3390; x_wconf 84' lang='lat' dir='ltr'>Varronem</span> <span class='ocrx_word' id='word_1_188' title='bbox 1145 3358 1169 3405; x_wconf 36' lang='lat' dir='ltr'>pt</span> <span class='ocrx_word' id='word_1_189' title='bbox 1180 3340 1214 3389; x_wconf 86' lang='lat'>21</span> <span class='ocrx_word' id='word_1_190' title='bbox 1227 3339 1262 3389; x_wconf 81' lang='lat' dir='ltr'>ed.</span> <span class='ocrx_word' id='word_1_191' title='bbox 1277 3340 1341 3403; x_wconf 64' lang='lat' dir='ltr'>biga.)</span> 
     </span>
     <span class='ocr_line' id='line_1_25' title="bbox 323 3422 1341 3490; baseline 0.001 -19"><span class='ocrx_word' id='word_1_192' title='bbox 323 3422 502 3473; x_wconf 80' lang='lat' dir='ltr'>emendationem</span> <span class='ocrx_word' id='word_1_193' title='bbox 519 3441 608 3490; x_wconf 85' lang='lat' dir='ltr'>porcus</span> <span class='ocrx_word' id='word_1_194' title='bbox 627 3424 723 3490; x_wconf 81' lang='lat' dir='ltr'>(Lnt*)</span> <span class='ocrx_word' id='word_1_195' title='bbox 741 3424 910 3487; x_wconf 81' lang='lat' dir='ltr'>defendendam</span> <span class='ocrx_word' id='word_1_196' title='bbox 922 3424 1056 3474; x_wconf 70' lang='lat' dir='ltr'>adnotabit:</span> <span class='ocrx_word' id='word_1_197' title='bbox 1074 3441 1105 3474; x_wconf 84' lang='lat' dir='ltr'>ea</span> <span class='ocrx_word' id='word_1_198' title='bbox 1123 3424 1264 3474; x_wconf 83' lang='lat' dir='ltr'>emendatio</span> <span class='ocrx_word' id='word_1_199' title='bbox 1282 3439 1341 3473; x_wconf 86' lang='lat' dir='ltr'>eon·</span> 
     </span>
     <span class='ocr_line' id='line_1_26' title="bbox 325 3506 1342 3575; baseline 0 -18"><span class='ocrx_word' id='word_1_200' title='bbox 325 3508 437 3559; x_wconf 80' lang='lat' dir='ltr'>firmetur</span> <span class='ocrx_word' id='word_1_201' title='bbox 457 3508 537 3560; x_wconf 72' lang='lat' dir='ltr'>lonico</span> <span class='ocrx_word' id='word_1_202' title='bbox 556 3509 703 3571; x_wconf 67' lang='lat' dir='ltr'>Pasitelis,</span> <span class='ocrx_word' id='word_1_203' title='bbox 726 3508 766 3559; x_wconf 89' lang='lat' dir='ltr'>eui</span> <span class='ocrx_word' id='word_1_204' title='bbox 784 3508 862 3574; x_wconf 88' lang='lat' dir='ltr'>parile</span> <span class='ocrx_word' id='word_1_205' title='bbox 881 3525 928 3575; x_wconf 81' lang='lat' dir='ltr'>ego</span> <span class='ocrx_word' id='word_1_206' title='bbox 947 3509 999 3559; x_wconf 90' lang='lat' dir='ltr'>uidi</span> <span class='ocrx_word' id='word_1_207' title='bbox 1016 3508 1040 3559; x_wconf 89' lang='lat' dir='ltr'>in</span> <span class='ocrx_word' id='word_1_208' title='bbox 1059 3508 1209 3560; x_wconf 79' lang='lat' dir='ltr'>monasterio</span> <span class='ocrx_word' id='word_1_209' title='bbox 1227 3506 1342 3558; x_wconf 87' lang='lat' dir='ltr'>uindoei·</span> 
     </span>
     <span class='ocr_line' id='line_1_27' title="bbox 323 3593 1341 3662; baseline 0.002 -20"><span class='ocrx_word' id='word_1_210' title='bbox 323 3593 406 3643; x_wconf 81' lang='lat' dir='ltr'>nansi.</span> <span class='ocrx_word' id='word_1_211' title='bbox 422 3593 448 3643; x_wconf 89' lang='lat' dir='ltr'>in</span> <span class='ocrx_word' id='word_1_212' title='bbox 466 3610 496 3643; x_wconf 86' lang='lat' dir='ltr'>eo</span> <span class='ocrx_word' id='word_1_213' title='bbox 518 3593 640 3659; x_wconf 81' lang='lat' dir='ltr'>glossario</span> <span class='ocrx_word' id='word_1_214' title='bbox 657 3593 759 3658; x_wconf 80' lang='lat' dir='ltr'>antiquo</span> <span class='ocrx_word' id='word_1_215' title='bbox 781 3593 822 3643; x_wconf 89' lang='lat' dir='ltr'>hie</span> <span class='ocrx_word' id='word_1_216' title='bbox 839 3610 928 3644; x_wconf 86' lang='lat' dir='ltr'>uersus</span> <span class='ocrx_word' id='word_1_217' title='bbox 946 3594 1090 3660; x_wconf 80' lang='lat' dir='ltr'>producitur</span> <span class='ocrx_word' id='word_1_218' title='bbox 1112 3613 1166 3646; x_wconf 88' lang='lat' dir='ltr'>eum</span> <span class='ocrx_word' id='word_1_219' title='bbox 1189 3595 1341 3662; x_wconf 78' lang='lat' dir='ltr'>interpreto-</span> 
     </span>
     <span class='ocr_line' id='line_1_28' title="bbox 322 3678 1340 3747; baseline 0.002 -20"><span class='ocrx_word' id='word_1_220' title='bbox 322 3686 406 3727; x_wconf 84' lang='lat' dir='ltr'>mento</span> <span class='ocrx_word' id='word_1_221' title='bbox 424 3678 462 3727; x_wconf 88' lang='lat' dir='ltr'>‘id</span> <span class='ocrx_word' id='word_1_222' title='bbox 481 3687 520 3729; x_wconf 86' lang='lat' dir='ltr'>est</span> <span class='ocrx_word' id='word_1_223' title='bbox 537 3696 640 3745; x_wconf 82' lang='lat' dir='ltr'>grossus</span> <span class='ocrx_word' id='word_1_224' title='bbox 658 3679 776 3744; x_wconf 86' lang='lat' dir='ltr'>pinguis’.</span> <span class='ocrx_word' id='word_1_225' title='bbox 804 3679 829 3729; x_wconf 88' lang='lat' dir='ltr'>in</span> <span class='ocrx_word' id='word_1_226' title='bbox 847 3679 883 3729; x_wconf 81' lang='lat' dir='ltr'>iis</span> <span class='ocrx_word' id='word_1_227' title='bbox 900 3680 1029 3746; x_wconf 77' lang='lat' dir='ltr'>glossariis</span> <span class='ocrx_word' id='word_1_228' title='bbox 1052 3681 1076 3730; x_wconf 89' lang='lat' dir='ltr'>in</span> <span class='ocrx_word' id='word_1_229' title='bbox 1098 3681 1150 3747; x_wconf 82' lang='lat' dir='ltr'>ipso</span> <span class='ocrx_word' id='word_1_230' title='bbox 1172 3698 1243 3730; x_wconf 83' lang='lat' dir='ltr'>uersa</span> <span class='ocrx_word' id='word_1_231' title='bbox 1264 3679 1340 3730; x_wconf 86' lang='lat' dir='ltr'>catul-</span> 
     </span>
     <span class='ocr_line' id='line_1_29' title="bbox 324 3764 1343 3832; baseline 0.003 -20"><span class='ocrx_word' id='word_1_232' title='bbox 324 3764 387 3814; x_wconf 88' lang='lat' dir='ltr'>liano</span> <span class='ocrx_word' id='word_1_233' title='bbox 405 3765 458 3814; x_wconf 84' lang='lat' dir='ltr'>Aut</span> <span class='ocrx_word' id='word_1_234' title='bbox 475 3766 575 3831; x_wconf 83' lang='lat' dir='ltr'>pinguis</span> <span class='ocrx_word' id='word_1_235' title='bbox 593 3766 688 3816; x_wconf 84' lang='lat' dir='ltr'>Vmber</span> <span class='ocrx_word' id='word_1_236' title='bbox 704 3766 817 3830; x_wconf 60' lang='lat' dir='ltr'>scriatim</span> <span class='ocrx_word' id='word_1_237' title='bbox 826 3767 909 3831; x_wconf 75' lang='lat' dir='ltr'>fuisse</span> <span class='ocrx_word' id='word_1_238' title='bbox 923 3784 1001 3832; x_wconf 86' lang='lat' dir='ltr'>poene</span> <span class='ocrx_word' id='word_1_239' title='bbox 1019 3777 1104 3819; x_wconf 84' lang='lat' dir='ltr'>certam</span> <span class='ocrx_word' id='word_1_240' title='bbox 1122 3778 1164 3817; x_wconf 86' lang='lat' dir='ltr'>est.</span> <span class='ocrx_word' id='word_1_241' title='bbox 1182 3769 1211 3832; x_wconf 73' lang='lat' dir='ltr'>cf</span> <span class='ocrx_word' id='word_1_242' title='bbox 1240 3765 1343 3817; x_wconf 71' lang='lat' dir='ltr'>Tar-nebi</span> 
     </span>
     <span class='ocr_line' id='line_1_30' title="bbox 322 3846 1341 3916; baseline 0.005 -21"><span class='ocrx_word' id='word_1_243' title='bbox 322 3846 418 3897; x_wconf 80' lang='lat' dir='ltr'>adsere.</span> <span class='ocrx_word' id='word_1_244' title='bbox 437 3847 534 3899; x_wconf 86' lang='lat' dir='ltr'>XIIII</span> <span class='ocrx_word' id='word_1_245' title='bbox 555 3854 570 3899; x_wconf 78' lang='grc' dir='ltr'><em>δ</em></span> <span class='ocrx_word' id='word_1_246' title='bbox 589 3853 654 3901; x_wconf 82' lang='lat' dir='ltr'>‘Aut</span> <span class='ocrx_word' id='word_1_247' title='bbox 671 3867 759 3916; x_wconf 83' lang='lat' dir='ltr'>parcus</span> <span class='ocrx_word' id='word_1_248' title='bbox 778 3852 886 3902; x_wconf 82' lang='lat' dir='ltr'>Vmber&#39;</span> <span class='ocrx_word' id='word_1_249' title='bbox 909 3852 973 3904; x_wconf 83' lang='lat' dir='ltr'>mole</span> <span class='ocrx_word' id='word_1_250' title='bbox 997 3854 1072 3904; x_wconf 84' lang='lat' dir='ltr'>scribi</span> <span class='ocrx_word' id='word_1_251' title='bbox 1090 3853 1227 3903; x_wconf 84' lang='lat' dir='ltr'>uideretur.</span> <span class='ocrx_word' id='word_1_252' title='bbox 1249 3852 1341 3902; x_wconf 81' lang='lat' dir='ltr'>Petrus</span> 
     </span>
     <span class='ocr_line' id='line_1_31' title="bbox 321 3933 1412 4003; baseline 0.001 -20"><span class='ocrx_word' id='word_1_253' title='bbox 321 3933 422 3999; x_wconf 86' lang='lat' dir='ltr'>quidem</span> <span class='ocrx_word' id='word_1_254' title='bbox 435 3934 527 3985; x_wconf 82' lang='lat' dir='ltr'>Daniel</span> <span class='ocrx_word' id='word_1_255' title='bbox 543 3952 599 3986; x_wconf 83' lang='lat' dir='ltr'>sese</span> <span class='ocrx_word' id='word_1_256' title='bbox 617 3936 643 3986; x_wconf 88' lang='lat' dir='ltr'>in</span> <span class='ocrx_word' id='word_1_257' title='bbox 661 3936 832 4000; x_wconf 85' lang='lat' dir='ltr'>antiquissimo</span> <span class='ocrx_word' id='word_1_258' title='bbox 850 3938 975 4003; x_wconf 82' lang='lat' dir='ltr'>reperisse</span> <span class='ocrx_word' id='word_1_259' title='bbox 993 3938 1072 3989; x_wconf 82' lang='lat' dir='ltr'>lexico</span> <span class='ocrx_word' id='word_1_260' title='bbox 1091 3938 1126 3986; x_wconf 78' lang='lat' dir='ltr'>nit</span> <span class='ocrx_word' id='word_1_261' title='bbox 1143 3937 1223 3986; x_wconf 84' lang='lat' dir='ltr'>locum</span> <span class='ocrx_word' id='word_1_262' title='bbox 1234 3936 1270 3984; x_wconf 83' lang='lat' dir='ltr'>ita</span> <span class='ocrx_word' id='word_1_263' title='bbox 1281 3951 1340 3998; x_wconf 89' lang='lat' dir='ltr'>pro·</span> <span class='ocrx_word' id='word_1_264' title='bbox 1409 3946 1412 3952; x_wconf 84' lang='lat'>·</span> 
     </span>
     <span class='ocr_line' id='line_1_32' title="bbox 320 4018 1339 4087; baseline 0.002 -19"><span class='ocrx_word' id='word_1_265' title='bbox 320 4018 398 4069; x_wconf 84' lang='lat' dir='ltr'>latum</span> <span class='ocrx_word' id='word_1_266' title='bbox 418 4021 483 4070; x_wconf 77' lang='lat' dir='ltr'>‘Aut</span> <span class='ocrx_word' id='word_1_267' title='bbox 506 4019 607 4086; x_wconf 85' lang='lat' dir='ltr'>pinguis</span> <span class='ocrx_word' id='word_1_268' title='bbox 631 4020 739 4073; x_wconf 81' lang='lat' dir='ltr'>Vmber’</span> <span class='ocrx_word' id='word_1_269' title='bbox 761 4032 784 4071; x_wconf 94' lang='lat' dir='ltr'>et</span> <span class='ocrx_word' id='word_1_270' title='bbox 807 4023 831 4071; x_wconf 92' lang='lat' dir='ltr'>in</span> <span class='ocrx_word' id='word_1_271' title='bbox 852 4022 942 4087; x_wconf 74' lang='lat' dir='ltr'>glossis</span> <span class='ocrx_word' id='word_1_272' title='bbox 964 4022 1081 4072; x_wconf 66' lang='lat' dir='ltr'>sansonis</span> <span class='ocrx_word' id='word_1_273' title='bbox 1104 4021 1142 4086; x_wconf 91' lang='lat' dir='ltr'>(in</span> <span class='ocrx_word' id='word_1_274' title='bbox 1165 4018 1224 4068; x_wconf 77' lang='grc' dir='ltr'>Μαί</span> <span class='ocrx_word' id='word_1_275' title='bbox 1245 4018 1339 4070; x_wconf 83' lang='lat' dir='ltr'>classic.</span> 
     </span>
     <span class='ocr_line' id='line_1_33' title="bbox 321 4103 1343 4173; baseline 0.003 -21"><span class='ocrx_word' id='word_1_276' title='bbox 321 4112 411 4155; x_wconf 81' lang='lat' dir='ltr'>auctor.</span> <span class='ocrx_word' id='word_1_277' title='bbox 440 4103 493 4153; x_wconf 89' lang='lat' dir='ltr'>VII</span> <span class='ocrx_word' id='word_1_278' title='bbox 509 4105 581 4169; x_wconf 73' lang='lat'>574)</span> <span class='ocrx_word' id='word_1_279' title='bbox 596 4104 655 4154; x_wconf 79' lang='lat' dir='ltr'>iaec</span> <span class='ocrx_word' id='word_1_280' title='bbox 669 4104 789 4170; x_wconf 68' lang='lat' dir='ltr'>legantur:</span> <span class='ocrx_word' id='word_1_281' title='bbox 805 4106 912 4172; x_wconf 84' lang='lat' dir='ltr'>Pinguis</span> <span class='ocrx_word' id='word_1_282' title='bbox 929 4122 1038 4173; x_wconf 54' lang='lat' dir='ltr'>massus.</span> <span class='ocrx_word' id='word_1_283' title='bbox 1056 4121 1113 4154; x_wconf 87' lang='lat' dir='ltr'>nom</span> <span class='ocrx_word' id='word_1_284' title='bbox 1131 4105 1220 4154; x_wconf 82' lang='lat' dir='ltr'>obesus</span> <span class='ocrx_word' id='word_1_285' title='bbox 1233 4103 1343 4169; x_wconf 70' lang='lat' dir='ltr'>plutoni</span> 
     </span>
     <span class='ocr_line' id='line_1_34' title="bbox 321 4176 1409 4267; baseline 0.002 -30"><span class='ocrx_word' id='word_1_286' title='bbox 321 4204 396 4260; x_wconf 79' lang='lat' dir='ltr'>quem</span> <span class='ocrx_word' id='word_1_287' title='bbox 413 4188 520 4262; x_wconf 64' lang='lat' dir='ltr'>pinguis,</span> <span class='ocrx_word' id='word_1_288' title='bbox 546 4189 659 4244; x_wconf 78' lang='lat' dir='ltr'>catonus</span> <span class='ocrx_word' id='word_1_289' title='bbox 677 4189 789 4241; x_wconf 80' lang='lat' dir='ltr'>oit‘Ant</span> <span class='ocrx_word' id='word_1_290' title='bbox 805 4191 904 4267; x_wconf 71' lang='lat' dir='ltr'>pinguis</span> <span class='ocrx_word' id='word_1_291' title='bbox 917 4190 1011 4240; x_wconf 83' lang='lat' dir='ltr'>Vmber</span> <span class='ocrx_word' id='word_1_292' title='bbox 1028 4188 1095 4253; x_wconf 83' lang='lat' dir='ltr'>(cod.</span> <span class='ocrx_word' id='word_1_293' title='bbox 1113 4187 1204 4264; x_wconf 83' lang='lat' dir='ltr'>ubero)</span> <span class='ocrx_word' id='word_1_294' title='bbox 1223 4188 1340 4248; x_wconf 59' lang='lat' dir='ltr'>soboba·</span> <span class='ocrx_word' id='word_1_295' title='bbox 1403 4176 1409 4186; x_wconf 55' lang='lat'><strong><em>⁹</em></strong></span> 
     </span>
    </p>
   </div>
   <div class='ocr_carea' id='block_1_8' title="bbox 0 0 1776 5167">
    <p class='ocr_par' dir='ltr' id='par_1_11' title="bbox 0 0 1776 5167">
     <span class='ocr_line' id='line_1_35' title="bbox 0 0 1776 5167; baseline 0 3"><span class='ocrx_word' id='word_1_296' title='bbox 0 0 1776 5167; x_wconf 95' lang='lat' dir='ltr'> </span> 
     </span>
    </p>
   </div>
  </div>
 </body>
</html>
