3542 5167
373 677 435 743 112
749 691 1016 744 iniuriae-asu

457 881 602 944 carmine
623 878 778 960 perfidiae
800 877 886 959 qnod
909 886 985 960 post
1006 876 1100 939 nulla
1122 882 1239 958 arguet
1260 882 1360 940 aetas.
1406 962 1408 966 ,

499 1006 528 1061 ‘o
550 998 649 1063 decus
673 999 832 1061 eximium
854 998 985 1080 magnis
1007 994 1188 1060 uirtutibus
1210 1016 1345 1079 angens,

457 1116 621 1181 emathiae
644 1129 792 1180 tutamen
815 1116 898 1197 opis,
922 1115 1102 1179 clarissime
1124 1125 1210 1193 nato,

372 1236 436 1300 325
458 1236 576 1318 accipe,
599 1234 685 1317 quod
709 1235 797 1299 laeta
819 1234 878 1298 tibi
900 1234 1050 1318 pandunt
1073 1235 1146 1298 lnee
1168 1255 1305 1310 sorores,

447 1328 641 1419 'ueridicum
664 1354 817 1418 oraclum.
862 1353 920 1418 scd
941 1375 1010 1431 uos,
1033 1373 1116 1435 quae
1138 1354 1205 1417 lata
1227 1360 1394 1432 secuntur,

459 1474 581 1538 currite
604 1473 759 1538 ducentes
781 1473 1002 1557 subtegmina,
1026 1472 1156 1549 currite,
1180 1473 1255 1537 fusi.

501 1590 655 1656 adueniet
676 1592 736 1655 tibi
759 1592 827 1657 iam
849 1600 985 1675 portans
1007 1599 1119 1674 optata
1140 1591 1268 1656 maritis

459 1710 638 1792 Hesperus,
663 1711 816 1776 adueniet
837 1712 946 1776 fausto
969 1732 1044 1775 cnm
1067 1710 1173 1774 sidere
1195 1712 1348 1788 coniunx,

373 1828 437 1893 330
459 1850 541 1910 quac
564 1830 624 1892 tibi
646 1830 827 1893 flexanimo
849 1837 988 1893 mentem
1010 1829 1187 1911 perfundat
1209 1851 1314 1893 amore

458 1946 735 2028 languidulosque
757 1956 851 2028 paret
872 1955 983 2012 tecum
1004 1948 1202 2031 coniungere
1223 1968 1354 2013 somnos

461 2065 550 2129 leuia
573 2064 788 2129 substernens
809 2065 945 2130 robusto
968 2066 1103 2131 brachia
1125 2068 1217 2133 eollo.

461 2185 583 2247 currite
606 2183 762 2248 ducentes
785 2183 1003 2268 subtegmina,
1027 2186 1157 2263 eurr-ite,
1180 2186 1254 2250 fusi.

501 2302 595 2367 nulla
616 2302 734 2368 domus
757 2303 837 2368 tales
859 2325 1007 2387 unquam
1029 2306 1160 2369 conexit
1181 2326 1319 2379 amores,

370 2517 428 2573 post
443 2508 493 2558 322
512 2508 635 2573 inscriptio
657 2508 851 2575 Epithalamium
871 2509 975 2560 thetidis
993 2519 1019 2561 st
1036 2510 1102 2576 pelei
1127 2510 1139 2558 ll
1164 2510 1215 2560 324
1232 2518 1260 2560 tu
1278 2511 1389 2561 iamenu

373 2593 501 2666 carissime
519 2594 532 2641 ΙΙ
551 2593 601 2645 326
620 2594 746 2644 oraculum
764 2594 777 2641 ΙΙ
797 2594 848 2643 330
865 2594 931 2646 flexo
949 2596 1030 2647 animo
1046 2596 1135 2646 mentis
1153 2596 1167 2644 ll
1185 2612 1294 2647 amorem
1312 2596 1325 2643 ΙΙ
1344 2596 1392 2648 331

373 2696 447 2729 sonos
471 2680 484 2727 ll
503 2678 555 2729 334
572 2696 680 2744 unquam
698 2679 763 2729 tulos
781 2680 893 2734 contexit

374 2864 482 2897 uersuum
500 2850 634 2912 quinorum,
652 2867 714 2914 quae
733 2850 844 2915 sinqulue
865 2868 935 2900 uersu
955 2850 1097 2900 intercalari
1116 2850 1313 2913 concluderentur,
1335 2854 1394 2902 ceci-

296 2913 307 2927 ·
374 2932 439 2981 nisse
457 2932 602 2995 arbitratus,
625 2935 738 2999 strophas
756 2933 876 2984 duodecim
893 2936 928 2984 ito
945 2935 1023 2999 ffeoit
1039 2944 1065 2985 ut
1081 2952 1173 2985 uncum
1191 2934 1248 2985 333
1266 2945 1320 2985 urite
1337 2937 1396 2985 332

374 3025 398 3065 et
413 3032 506 3066 uersum
523 3016 576 3066 371
593 3027 648 3066 unte
666 3018 723 3067 370
737 3029 842 3082 poneret,
857 3028 915 3083 post
931 3037 953 3069 u.
972 3019 1028 3068 354
1045 3029 1067 3069 et
1081 3030 1138 3083 post
1154 3038 1177 3070 u.
1190 3020 1247 3071 364
1260 3021 1331 3085 siqnu
1342 3038 1394 3070 uer-

374 3117 441 3149 suum
458 3099 603 3165 sinqulorunr
620 3102 760 3152 amissorum
777 3104 900 3163 scriberet,
923 3120 1014 3152 uersum
1032 3103 1087 3155 378
1104 3105 1193 3154 eiceret.
1228 3104 1308 3154 eodem
1326 3104 1395 3154 adre-

374 3192 469 3232 cutuius
486 3184 576 3234 similia
599 3187 720 3250 temptauit
741 3186 918 3247 Rossbachius,
941 3188 984 3251 qui
1006 3189 1113 3239 uersibus
1135 3189 1192 3239 332
1211 3200 1234 3239 et
1250 3190 1308 3241 333
1325 3199 1397 3254 utque

373 3267 481 3317 uersibus
503 3268 562 3320 365
584 3280 607 3319 et
627 3270 687 3321 366
710 3271 862 3335 transpositis
883 3281 906 3321 et
926 3288 997 3322 uersu
1020 3272 1075 3323 373
1097 3274 1167 3324 eiecto
1182 3285 1239 3339 post
1255 3293 1277 3325 u.
1296 3275 1353 3326 355
1372 3285 1395 3325 et

370 3361 428 3417 post
444 3370 467 3403 u.
485 3354 537 3405 371
555 3355 661 3421 sinyulos
683 3374 766 3406 uersus
788 3357 889 3406 umissos
913 3374 964 3407 esse
985 3359 1075 3409 statuit.
1115 3358 1159 3408 sed
1175 3361 1205 3423 cs.
1230 3358 1395 3411 ORibbeelcius

374 3454 432 3489 mus.
458 3439 543 3494 deluat.
567 3459 619 3492 nou.
637 3440 656 3489 I
669 3441 725 3493 238
747 3440 877 3493 LMuelier
899 3443 927 3493 de
949 3461 976 3494 re
997 3454 1062 3496 nretr.
1087 3445 1141 3496 465
1244 3445 1295 3494 322
1313 3446 1397 3511 argirit

374 3521 561 3575 Loclnsunnus*
581 3525 667 3591 (Hp.)
787 3528 840 3579 324
862 3539 921 3580 natu
945 3529 1033 3580 Dousu
1046 3540 1118 3595 puter
1135 3529 1214 3580 Peleu
1232 3528 1396 3579 Froeiiiclius

375 3608 504 3658 unanimo
517 3610 572 3674 (V)
584 3610 636 3659 fato
647 3628 689 3674 eno
702 3613 789 3661 eonioei
805 3614 847 3678 (cf
865 3612 928 3663 Giris
940 3632 963 3664 u.
975 3613 1042 3680 200)
1140 3615 1191 3665 325
1213 3631 1275 3665 uoce
1294 3607 1311 3690 β
1332 3615 1395 3663 Len·

374 3690 458 3754 ηορὰω
475 3690 511 3739 ud
531 3691 581 3741 Col.
596 3709 624 3755 p.
642 3693 680 3743 39
793 3698 844 3747 326
862 3715 950 3749 seruos
976 3697 1072 3747 Vossius
1092 3698 1139 3761 (ex
1156 3714 1242 3749 seruos
1262 3693 1293 3775 β)

375 3772 427 3827 327
449 3774 533 3824 citauit
553 3772 693 3825 Macrobius
715 3788 763 3830 sut.
793 3780 857 3830 VII
880 3783 913 3830 41
931 3799 958 3845 p.
980 3781 1038 3831 503
1060 3780 1115 3830 Iun.
1140 3781 1268 3833 Catullus:
1296 3784 1397 3837 Currite

375 3858 476 3910 ducenti
493 3859 656 3925 subtegmine,
675 3863 767 3911 currite
785 3865 834 3913 fusi
928 3865 980 3915 330
996 3865 1041 3914 tibi
1059 3864 1191 3916 flexanimo
1208 3875 1318 3920 mentem
1337 3889 1395 3938 per·

376 3945 467 3997 fundat
483 3963 567 3997 amors
587 3943 697 3996 Muretus
715 3963 740 4000 ω
760 3945 819 3999 Lrn:
836 3956 862 3997 te
880 3948 1012 3999 flexanimo
1030 3949 1120 4001 mentis
1139 3950 1188 4017 (sic
1207 3952 1242 4017 V)
1261 3957 1397 4021 perfundet

376 4048 460 4083 umore
486 4031 673 4082 Luclmannus*
700 4031 767 4096 (Hp.
789 4032 852 4097 Hs.)
878 4033 926 4083 tibi
951 4033 1099 4085 flexanimae
1127 4037 1232 4090 Veneris
1259 4042 1395 4107 perfundat

376 4131 485 4167 amorem
503 4116 555 4167 Fen
656 4118 707 4170 332
724 4118 838 4168 bracchia
856 4117 959 4169 dotianus
977 4120 1020 4184 (cf.
1038 4119 1136 4173 Laelia.
1153 4122 1194 4175 ud.
1207 4124 1281 4176 Lucr.
1291 4142 1318 4189 p.
1330 4125 1393 4188 371)

428 4200 561 4256 334-337
574 4204 672 4254 omissos
684 4204 708 4253 in
722 4204 789 4254 libris
797 4203 921 4269 plerisque
933 4203 973 4255 del
983 4203 1097 4272 Scaliyer
1148 4208 1200 4259 334
1211 4210 1275 4259 tales
1287 4225 1393 4273 unquam
