3542 5167
438 672 481 742 84
873 686 1082 741 exnen-ne

503 879 570 943 iam
592 878 661 944 iam
683 877 846 960 contingit
867 896 1036 942 summum
1058 872 1165 940 radice
1187 874 1358 958 flagellum

502 998 601 1080 (hanc
623 996 710 1062 nulli
732 996 903 1079 agricolae,
927 993 1012 1058 nulli
1035 992 1163 1058 coluere
1186 993 1335 1058 iuuenci:

502 1123 537 1179 at
558 1117 587 1179 ei
609 1116 691 1181 forte
713 1115 829 1179 cadem
850 1121 901 1179 eet
923 1113 1013 1177 ulmo
1036 1112 1211 1177 coniuncta
1232 1114 1361 1191 marite,

438 1234 479 1296 55
502 1234 600 1299 multi
622 1235 715 1297 illam
738 1232 910 1315 agricolae,
933 1232 1031 1296 multi
1053 1232 1180 1297 coluere
1201 1232 1363 1315 iuuenci),

505 1354 554 1419 sic
568 1354 672 1436 uirge,
695 1352 776 1416 <lum
790 1354 914 1417 intacta
928 1359 1050 1429 manet,
1066 1350 1145 1416 dum
1161 1352 1287 1416 inculta
1302 1353 1458 1417 senescit:

503 1493 577 1537 cum
600 1493 660 1555 par
682 1472 856 1537 conubium
879 1479 1010 1537 maturo
1032 1480 1179 1555 tempere
1202 1471 1320 1554 adepta
1343 1479 1401 1549 eet,

504 1613 581 1657 cara
604 1595 676 1657 uiro
697 1593 804 1676 magis
826 1599 861 1657 cl
882 1593 994 1657 minus
1016 1599 1067 1656 eet
1087 1592 1198 1658 inuisa
1219 1592 1357 1675 parenti.

438 1712 495 1776 58¹>
505 1715 634 1796 Hymen
656 1735 673 1777 o
695 1713 887 1797 Hymenaee,
909 1714 1039 1795 Hymen
1061 1714 1137 1777 nelee
1158 1734 1176 1776 0
1198 1715 1387 1797 Hymenaee.

501 1955 549 2016 At
572 1959 608 2016 tu
631 1974 669 2017 ne
690 1971 803 2035 pugna
824 1972 900 2016 cum
921 1952 982 2016 tali
1004 1953 1150 2035 coniuge,
1176 1952 1281 2037 uirgo,

437 2190 480 2255 69
502 2211 566 2253 nen
590 2211 726 2272 aequom
747 2199 799 2255 cst
818 2212 976 2274 pugnare,
998 2199 1091 2273 pater
1112 2192 1166 2255 cui
1188 2191 1324 2256 tradidit
1345 2193 1424 2275 ipse,

501 2311 571 2393 ipse
592 2319 684 2394 pater
706 2331 782 2375 cum
804 2319 919 2390 matre,
943 2312 1062 2394 quibus
1085 2332 1200 2395 parere
1221 2332 1355 2378 necesse
1377 2321 1435 2378 eet.

503 2430 678 2511 uirginitas
700 2451 767 2495 non
789 2438 859 2495 teta
880 2438 1011 2508 tuaest,
1034 2452 1076 2496 ex
1095 2439 1188 2514 perte
1203 2439 1379 2514 parentum
1394 2440 1458 2497 eet:

502 2550 598 2613 tertie
619 2570 697 2632 pare
718 2550 841 2633 petrice,
860 2573 946 2635 pare
968 2560 1014 2616 eet
1036 2549 1112 2615 deta
1134 2552 1231 2615 tertia
1253 2552 1363 2629 macri,

439 2788 473 2836 55
491 2788 621 2839 accoluere
645 2788 657 2836 ΙΙ
676 2788 710 2837 57
728 2789 879 2840 connubium
903 2790 915 2837 ll
939 2790 973 2841 58
991 2790 1059 2842 Cure.
1082 2791 1094 2838 ΙΙ
1114 2790 1162 2841 58b
1179 2792 1279 2842 emissus
1304 2793 1316 2840 ll
1335 2791 1370 2842 59
1387 2792 1459 2843 netu

438 2889 485 2922 nec
508 2873 521 2921 ll
540 2873 656 2938 coequo
680 2874 692 2921 ll
711 2874 746 2925 63
763 2892 821 2940 pere
840 2875 907 2940 petri
924 2876 984 2925 data
1002 2893 1060 2941 pere
1078 2876 1137 2927 deta

437 3042 570 3108 innupta
588 3052 681 3103 menet,
699 3042 759 3093 dum
775 3060 834 3094 cm
845 3044 898 3094 euie
910 3043 965 3103 est’,
978 3063 1032 3096 cum
1045 3045 1115 3111 prius
1128 3046 1203 3096 ‘dum'
1216 3047 1340 3114 significet
1352 3046 1460 3114 ‘quoad',

442 3143 549 3191 sequens
561 3133 648 3191 ‘usque
661 3125 697 3177 ‘co'
707 3125 869 3183 Quintilianus
882 3129 937 3180 inst.
946 3128 1031 3178 VIIII
1036 3131 1054 3179 3
1064 3131 1099 3180 16
1106 3148 1112 3179 :
1125 3139 1178 3180 lum
1190 3149 1248 3181 carn
1263 3132 1287 3181 Τ
1293 3132 1373 3183 Vsule
1385 3139 1424 3183 eet
1439 3130 1463 3180 Τ

439 3212 478 3261 sui
496 3213 541 3262 sed
567 3211 592 3261 V
604 3212 662 3262 cuis.
681 3212 726 3263 eed
745 3204 788 3289 βω
878 3213 913 3263 53
931 3214 1030 3265 coluere
1053 3214 1203 3266 Vccoluerc
1225 3215 1250 3264 Τ
1348 3218 1381 3268 55
1400 3233 1457 3268 aco-

438 3297 509 3348 luere
530 3297 555 3346 T
568 3298 698 3349 accoluere
714 3296 739 3347 V
752 3292 882 3376 coluerell
949 3301 983 3351 53
992 3302 1055 3350 ee55
1065 3300 1229 3354 accoluereel
1253 3319 1282 3351 ac
1305 3302 1405 3353 coluere
1433 3320 1459 3356 ω

439 3381 561 3448 Silliqins.
596 3386 627 3448 cf.
649 3383 756 3448 Hauptii
776 3386 824 3436 obe.
848 3386 902 3436 crit.
920 3386 963 3435 34.
987 3386 1034 3447 38,
1057 3387 1100 3450 qni
1121 3386 1237 3436 lectionem
1255 3388 1326 3438 multi
1344 3388 1459 3439 cceluere

438 3487 467 3519 ex
478 3469 566 3521 mullei
578 3471 677 3521 coluere
690 3480 765 3520 ortam
777 3488 828 3521 esse
837 3481 910 3537 putat
1002 3473 1043 3523 53.
1056 3473 1089 3523 55
1101 3473 1212 3539 iuuenci]
1226 3473 1326 3524 bubulci
1335 3473 1459 3524 ARieeinc

436 3573 492 3603 nnn.
510 3554 580 3605 Inlue.
598 3553 762 3603 LXXXXI
774 3557 832 3606 303
930 3558 964 3607 54
981 3557 1041 3608 forti
1058 3556 1188 3607 Rnnelerne
1257 3560 1345 3609 marite
1367 3557 1458 3609 Tma-

437 3639 500 3689 ritae
518 3638 633 3688 Heinsius
738 3650 796 3703 pest
812 3642 846 3691 58
864 3660 915 3692 enne
933 3641 1028 3692 Mureto
1047 3642 1127 3692 Statio
1145 3641 1274 3708 Spenyelio
1291 3644 1347 3693 aliis
1366 3662 1460 3695 uersum

437 3723 602 3773 intercalarem
620 3723 710 3771 ineenn
726 3724 792 3785 (uide
808 3728 912 3791 supra):
928 3745 964 3776 om
985 3727 1036 3777 TV
1051 3741 1076 3779 ω
1093 3726 1140 3775 Lm
1251 3729 1284 3777 59
1302 3729 1335 3779 Et
1351 3738 1395 3781 tue
1412 3748 1460 3782 nec

442 3807 467 3857 Τ
481 3809 529 3872 (es.
548 3807 690 3858 Lenesclins
709 3806 725 3855 l.
743 3824 763 3857 c.
782 3809 868 3873 1980)
886 3812 921 3860 Et
940 3810 1026 3875 (Voss.
1045 3809 1102 3862 Sill.
1120 3810 1183 3875 Hs.)
1202 3820 1228 3861 tu
1245 3828 1292 3862 nec
1316 3812 1341 3862 V

435 3904 492 3961 post
502 3895 536 3945 59
548 3892 721 3944 Rossbachinm
737 3902 829 3943 eecntne
847 3895 948 3945 lacunae
965 3896 1036 3959 eiyna
1053 3896 1127 3960 poeni
1143 3897 1176 3960 (n.
1193 3897 1290 3964 snpral:
1308 3916 1343 3948 on
1365 3900 1418 3952 TV
1434 3918 1459 3955 ω

437 3982 484 4032 Lm
586 3980 619 4031 63
637 3979 724 4029 Tertia
739 3996 799 4046 pers
816 3981 920 4046 petrist,
939 3998 997 4047 pars
1015 3988 1055 4031 eet
1072 3981 1131 4032 deta
1149 3982 1227 4032 tertia
1244 3984 1318 4034 macri
1336 3985 1459 4053 Hauptins

438 4086 478 4132 qn.
491 4067 541 4120 32:
560 4066 645 4118 Tereia
662 4065 742 4132 patrie
760 4083 818 4133 pere
836 4073 875 4116 eet
891 4067 915 4117 d.
929 4074 947 4117 t.
959 4083 991 4117 m.
1014 4064 1039 4116 Τ
1052 4067 1138 4118 Tertia
1155 4085 1215 4134 pere
1234 4070 1299 4135 patri
1317 4071 1383 4132 dcta,
1401 4089 1457 4137 pare

438 4150 498 4202 dcta
514 4154 590 4205 tertie
606 4152 682 4203 metri
707 4151 730 4201 V
744 4167 770 4206 ω
784 4152 831 4202 Lm
853 4151 939 4203 Tertia
961 4170 1019 4219 pere
1040 4152 1121 4221 patrie
1138 4161 1190 4216 eet,
1213 4171 1271 4220 pere
1292 4163 1331 4206 cel
1348 4156 1372 4205 d.
1389 4162 1407 4205 t.
1423 4170 1455 4203 m.

439 4232 549 4287 Murem
577 4237 603 4288 in
631 4236 721 4307 edla.
748 4237 820 4291 1554
845 4245 869 4288 et
894 4237 982 4299 1558,
1012 4248 1038 4289 nt
1062 4237 1156 4289 uidetur
1190 4254 1220 4289 ee
1249 4237 1345 4305 Tw.
1370 4235 1405 4287 ad
1432 4253 1455 4287 n.
