3542 5167
643 670 794 724 nime
812 672 1021 727 eo-xmv
1041 676 1072 726 lo
1326 661 1367 727 51

347 854 389 919 20
412 876 478 919 non
499 858 556 932 mi,
581 854 639 920 sed
660 856 723 939 ipsi
746 854 853 922 Sestio
875 858 959 925 ferat
980 861 1094 946 frigus,

411 975 468 1057 qui
490 983 569 1041 tuno
591 982 687 1040 uocat
707 997 760 1041 me
783 998 859 1042 oum
880 979 1008 1045 malum
1030 980 1155 1046 librum
1176 980 1253 1065 legi.

771 1229 946 1297 XXXXV

412 1421 538 1514 Aomen
561 1450 744 1535 Septimius
766 1474 843 1519 suos
865 1476 993 1521 amores

409 1576 524 1634 tenens
547 1570 583 1633 in
605 1571 731 1653 gremio
754 1573 855 1637 ‘mea’
878 1572 986 1654 inquit
1009 1575 1132 1653 ‘Aemo

409 1689 444 1752 ni
467 1697 499 1753 te
520 1689 646 1772 perdite
669 1712 743 1755 amo
764 1699 863 1773 atque
886 1714 997 1758 amore
1018 1714 1115 1777 porro

409 1829 522 1872 omnes
544 1830 619 1873 eum
641 1810 773 1875 assidue
794 1818 929 1893 paratus
953 1833 1055 1877 annos

366 1927 387 1989 5
408 1933 570 2009 quantum
592 1929 648 2009 qui
669 1934 740 2011 pote
761 1929 944 2011 plurimum
966 1930 1082 2013 perire,

410 2046 499 2110 solus
521 2046 558 2109 in
579 2046 690 2131 Libya
710 2047 871 2131 Indiaque
894 2055 983 2114 tosta

410 2163 514 2227 eaesio
536 2164 669 2229 ueniam
691 2165 808 2230 obuius
830 2166 940 2231 leoni!

409 2282 471 2347 hoo
493 2290 532 2347 ut
553 2282 646 2362 dixit,
669 2285 781 2363 Amor,
804 2287 939 2351 sinistra
961 2294 1000 2353 ut
1022 2293 1106 2365 anto,

410 2402 526 2467 dextra
547 2404 687 2467 sternuit
710 2404 985 2486 approbationem.

346 2520 387 2585 10
409 2531 441 2585 at
461 2523 565 2585 Aome
587 2522 706 2586 leuiter
728 2529 826 2605 eaput
848 2524 1018 2589 reflectens

407 2647 440 2703 et
462 2639 568 2704 duleis
590 2642 683 2723 pueri
705 2640 813 2706 ebrios
836 2643 956 2707 ocellos

408 2756 466 2822 illo
488 2780 654 2841 purpureo
678 2780 732 2824 ore
754 2760 880 2824 sauiata

408 2876 476 2939 ‘sio’
499 2876 616 2959 inquit,
640 2885 727 2942 ‘mea
748 2878 820 2943 uita
842 2876 1047 2962 Septumille,

406 2993 483 3057 huio
506 2995 564 3058 uni
588 2994 720 3060 domino
743 3017 846 3079 usque
869 2998 1063 3074 seruiamue

344 3113 385 3178 15
406 3119 444 3177 ut
464 3115 571 3178 multo
593 3114 676 3178 mihi
698 3116 803 3181 maior
825 3118 994 3201 acriorque

344 3317 378 3367 20
395 3318 455 3368 mihi
480 3326 492 3373 11
517 3318 594 3368 sectio
612 3318 651 3368 uel
669 3320 750 3384 septio
778 3329 791 3377 ΙΙ
819 3320 848 3369 21
869 3321 932 3387 legit
959 3329 971 3376 Η
999 3319 1123 3373 XXXXV
1143 3321 1154 3370 1
1176 3320 1295 3385 septimos
1313 3320 1362 3375 113

344 3421 427 3453 amare
452 3412 464 3458 ΙΙ
489 3404 606 3469 5potest
630 3413 641 3460 ΙΙ
665 3403 875 3469 9approbatione
900 3414 912 3462 Η
939 3408 970 3455 10
982 3406 1023 3455 Ad
1035 3406 1099 3454 hano
1117 3420 1157 3454 me
1182 3415 1194 3462 ΙΙ
1221 3404 1252 3452 12
1265 3404 1362 3454 saniata

349 3497 361 3544 ΙΙ
390 3487 420 3537 13
438 3488 577 3553 septimulle
594 3488 632 3537 uel
649 3488 782 3552 septinulle
839 3497 842 3502 '

344 3616 380 3656 tus
398 3605 467 3671 (He)
570 3606 605 3655 20
622 3604 656 3654 mi
673 3623 698 3660 ω
723 3606 769 3671 (ef.
787 3604 918 3676 LMueller
935 3605 964 3655 de
981 3623 1007 3655 re
1024 3616 1089 3658 mem
1103 3606 1187 3671 156).·
1206 3606 1267 3657 mihi
1286 3605 1361 3656 VIJm

411 3690 477 3740 ferat
487 3690 557 3739 uirus
570 3689 693 3754 Berykiue
762 3689 792 3739 21
813 3689 863 3754 legi
876 3690 1045 3741 Lochmannue
1060 3691 1105 3756 (ad
1116 3691 1209 3742 lateret.
1224 3691 1302 3757 290),
1321 3693 1364 3755 qui

343 3774 475 3824 duodecimo
494 3791 584 3837 quoque
601 3791 671 3824 uersu
688 3773 739 3841 legi
751 3791 780 3823 aa
800 3773 965 3825 Vreaocoait:
983 3775 1045 3841 legit
1069 3776 1123 3830 Vor
1145 3776 1312 3842 malumlegit
1329 3776 1360 3825 li·

260 3833 270 3859 ”
341 3860 414 3910 emm
433 3850 476 3935 βω
496 3859 541 3922 (cf.
560 3876 598 3922 qu.
618 3858 727 3922 1302)

408 3960 532 4012 XXXXV
553 3961 564 4010 l
584 3960 727 4026 Septumioo
745 3959 879 4026 (septimos
904 3960 939 4027 V)
958 3960 1101 4027 Spenyeliue
1120 3960 1171 4010 lect.
1190 3960 1240 4009 121

340 4046 451 4097 Samore
462 4045 640 4095 Froehlichiue:
649 4062 732 4095 amere
750 4042 807 4097 Vro
824 4044 871 4094 Dm
973 4045 1049 4095 oeta
1061 4044 1101 4093 del
1112 4041 1233 4108 Silliqius.
1252 4041 1360 4102 sinistra,

341 4138 445 4181 utente
463 4130 566 4190 Dextra,
584 4146 609 4181 or
632 4131 710 4179 Amor
727 4128 839 4191 sinistra,
864 4138 892 4179 ιιι
910 4136 979 4187 ante,
1002 4127 1122 4177 Dextram
1141 4125 1304 4175 Rossbachius
1327 4127 1361 4177 ei·

341 4215 448 4267 risorem
465 4222 494 4264 ut
511 4222 570 4265 ante
581 4214 703 4266 Dextram
723 4205 766 4290 βω
783 4201 885 4265 sinistra
902 4220 931 4262 ut
948 4218 1013 4272 anto,
1026 4211 1127 4271 ¹Dextra
1144 4210 1250 4263 sternuit
1267 4227 1360 4277 appro-

1086 4308 1128 4363 Ἠ
