3542 5167
684 707 831 778 smne
848 711 1084 766 s-sxxxvse
1327 701 1387 765 151
1477 773 1479 777 ,

479 891 640 957 audibant
661 877 774 958 eadere
798 896 878 962 haee
902 898 1020 963 leniter
1043 908 1075 964 et
1096 901 1223 977 leuiter,

435 1030 495 1073 nee
517 1010 582 1074 sibi
603 1012 737 1094 postilla
759 991 951 1081 metuebefit
972 1018 1053 1082 talia
1074 1019 1185 1095 uerba,

372 1127 413 1190 10
477 1149 551 1193 eum
574 1129 681 1195 subito
704 1133 840 1197 affertur
860 1137 999 1199 nuntius
1022 1137 1201 1214 horribilis,

436 1248 540 1312 ionios
562 1250 691 1326 fluetus,
713 1260 889 1334 postquam
912 1253 993 1318 illue
1015 1255 1136 1319 Arrius
1159 1258 1251 1332 isset,'

480 1367 546 1429 iem
569 1388 636 1431 nen
658 1370 763 1433 ionios
786 1391 865 1447 esse,
890 1372 947 1437 sed
969 1373 1104 1438 hionios.

799 1624 969 1691 LXXXV

436 1776 501 1872 Odi
524 1814 558 1870 et
580 1829 662 1873 amo.
696 1831 796 1891 quere
818 1812 851 1875 id
874 1813 992 1878 faeiem
1015 1815 1153 1878 sortasse
1175 1816 1324 1896 requiris.

478 1927 596 2003 neseio,
620 1928 677 1990 sed
700 1930 772 1992 fieri
794 1932 901 1995 sentio
923 1938 957 1996 et
979 1933 1157 2012 exeruqior.

783 2186 970 2254 LXXXVI

436 2349 573 2451 Quintia
593 2377 736 2442 formose
757 2381 808 2439 est
828 2375 954 2451 multis,
977 2374 1059 2438 mihi
1082 2339 1221 2439 eandide
1243 2374 1342 2457 longa

478 2506 566 2563 reeta
588 2505 646 2563 est.
681 2495 760 2558 haee
782 2514 842 2577 ege
864 2494 912 2557 sie
934 2492 1067 2577 singula
1089 2494 1253 2568 confiteor,

436 2623 544 2681 totum
565 2614 649 2679 illud
673 2612 832 2679 ‘formosa'
856 2634 954 2696 nego:
977 2632 1056 2676 nam
1079 2612 1172 2677 nulla
1193 2619 1359 2688 uenustas,

480 2733 574 2799 nulla
595 2735 629 2797 in
654 2741 723 2797 tam
746 2753 865 2814 magne
889 2740 940 2796 est
962 2752 1094 2814 corpere
1117 2732 1203 2795 miee
1225 2730 1313 2796 salis.

394 2853 414 2914 5
438 2851 559 2917 Lesbia
581 2852 723 2917 formosa
738 2860 797 2928 est,
822 2871 904 2932 quae
919 2871 994 2914 eum
1010 2850 1233 2932 puleherrime
1247 2857 1316 2914 tota
1331 2857 1389 2924 est,

480 2978 552 3034 tum
574 2969 728 3035 omnibus
749 2990 817 3034 una
840 2990 954 3033 omnes
977 2969 1137 3050 surripuit
1163 2969 1317 3033 Veneres.

374 3240 390 3289 8
407 3239 551 3292 Audiebant
561 3241 574 3308 ΙΙ
587 3242 616 3292 ll
636 3242 715 3293 artius
726 3241 738 3307 ΙΙ
751 3242 783 3292 12
800 3242 845 3292 sed
863 3241 942 3292 ionios
953 3240 965 3307 ΙΙ
978 3238 1139 3304 (LXXXVII
1156 3240 1187 3303 es.
1204 3257 1280 3304 supra
1289 3256 1315 3303 p.
1328 3238 1389 3306 144)

304 3432 306 3434 ’
372 3424 438 3478 Hine
457 3425 552 3477 Statius
654 3425 780 3476 eleuieer
798 3432 825 3476 et
841 3425 932 3476 leuiter
951 3418 968 3501 β
988 3422 1117 3475 santones
1139 3423 1174 3473 ad
1195 3423 1287 3477 Terent.
1306 3422 1390 3476 Maur.

369 3530 397 3575 p.
415 3512 467 3561 241
573 3510 600 3560 ll
620 3526 741 3577 posquam
759 3526 789 3559 ex
805 3507 895 3559 dotano
912 3508 1035 3574 Bequiue
1053 3507 1124 3573 (Re.)

441 3610 562 3663 LXXXV
579 3611 604 3660 in
621 3609 706 3661 aldina
717 3602 742 3661 e.
754 3611 823 3661 1515
835 3627 886 3661 cum
897 3608 1016 3660 LXXII
1024 3610 1040 3660 8
1051 3609 1201 3661 ceniunmm.
1219 3611 1250 3675 cs.
1260 3610 1329 3660 etiam
1337 3610 1360 3662 Ιι.
1369 3628 1389 3663 c.

440 3712 574 3764 LXXXVI
590 3712 607 3763 2
624 3712 704 3764 Recte
722 3721 769 3765 est.
800 3714 848 3763 hoe
865 3704 912 3789 (β)
932 3729 988 3779 ego.
1017 3710 1054 3762 sie
1070 3699 1171 3780 singule
1187 3712 1309 3764 confiteor
1327 3710 1389 3764 See-

373 3797 433 3861 liqer
450 3813 475 3849 ω
577 3796 594 3845 4
620 3794 782 3853 Quintilianus
803 3797 857 3849 ieet.
876 3806 938 3849 erat.
964 3796 1086 3848 V1318
1104 3795 1220 3848 ‘Salsum’
1239 3798 1264 3848 in
1282 3814 1389 3848 eonsue-

372 3880 460 3930 tudine
482 3898 528 3946 pro
550 3879 654 3933 ridiculo
675 3889 774 3933 tentum
795 3881 946 3948 eeeipimus:
974 3889 1065 3933 nature
1090 3899 1139 3932 non
1165 3882 1253 3947 utique
1274 3882 1322 3932 hee
1344 3889 1390 3943 est,

373 3976 514 4029 quenquam
531 3972 558 4015 et
575 3964 681 4017 ridicula
698 3975 815 4033 operteat
831 3983 887 4018 esse
905 3967 981 4041 sahsg
1009 3961 1067 4017 sem
1085 3973 1111 4015 et
1127 3965 1217 4016 (lisere
1235 3982 1306 4015 omne
1323 3965 1389 4030 qued

373 4048 466 4098 salsum
483 4047 516 4098 sit
532 4048 569 4098 eit
585 4064 643 4099 esse
660 4051 816 4110 Atticorum,
834 4067 883 4102 non
901 4052 960 4117 quia
978 4058 1037 4102 sunt
1053 4049 1159 4099 maxime
1176 4048 1210 4099 ed
1227 4048 1305 4099 risum
1322 4066 1389 4100 eem-

373 4132 463 4199 positi:
491 4139 517 4183 et
535 4133 660 4194 catullus,
682 4150 738 4185 eum
760 4135 820 4185 dicit
841 4136 926 4188 ‘Nulla
947 4142 987 4186 est
1008 4134 1034 4186 in
1051 4148 1155 4199 serpere
1171 4132 1236 4184 mies
1253 4133 1320 4185 selis’
1338 4151 1388 4186 nen

372 4220 420 4269 hec
437 4218 499 4271 dicit
515 4219 577 4271 nihil
594 4220 621 4271 in
637 4236 741 4287 corpore
758 4219 813 4271 eius
830 4237 887 4273 esee
905 4220 1037 4272 ridieulum
