3542 5167
417 618 453 685 X

418 822 503 887 1800
514 842 590 887 curn
604 821 764 905 adparatu
775 821 901 904 reliquo
913 805 1251 889 catullianossantenii
1262 825 1437 909 emptionis

416 943 487 1006 iure
502 942 543 1006 ad
559 942 777 1007 HFDiezium
792 943 894 1019 uenit,
917 963 1005 1007 nunc
1020 943 1107 1007 inter
1121 963 1198 1028 opes
1214 942 1378 1012 dieaianas
1399 947 1437 1012 in

417 1062 617 1127 bibliotheca
640 1062 839 1127 berolinensi
860 1062 953 1147 regia
982 1061 1188 1142 adseruatur,
1216 1065 1264 1130 ita
1286 1066 1436 1149 signatus

415 1182 478 1246 m.
499 1171 592 1247 Dies.
614 1184 657 1250 B.
679 1182 769 1249 Sunt.
791 1184 845 1246 37.
890 1188 940 1246 est
963 1180 1154 1247 chartaceus
1176 1184 1284 1248 forma
1304 1192 1435 1251 octona·

415 1300 474 1365 ria
524 1301 673 1365 continet
704 1299 785 1365 folia
815 1316 890 1376 Lm,
919 1320 1059 1382 quorum
1090 1321 1167 1384 pars
1200 1303 1297 1386 longe
1331 1304 1436 1371 maxi-

415 1440 472 1484 ma
502 1439 620 1483 uersus
653 1419 785 1483 uicenos
818 1419 967 1504 singulos
1001 1420 1110 1485 habet.
1175 1419 1308 1488 Catullo
1341 1445 1435 1507 prae·

415 1538 522 1623 posita
548 1547 599 1603 est
625 1539 660 1602 in
688 1536 777 1603 foliis
803 1550 884 1596 1-VI‘
916 1538 1030 1606 Ouidii
1058 1562 1142 1625 quae
1164 1542 1268 1606 fertur·
1289 1542 1434 1626 epistula

417 1655 572 1743 Sapphus
600 1657 743 1737 (heroid.
771 1668 844 1737 xv).
900 1659 936 1723 in
963 1660 1042 1724 folio
1070 1677 1132 1717 tx11
1159 1660 1246 1726 nihil
1273 1662 1433 1745 scriptum

417 1789 547 1862 praeter
568 1779 726 1842 ultimum
740 1776 819 1841 libri
833 1778 1006 1842 catulliani
1022 1800 1156 1844 uersum
1171 1787 1204 1844 et
1219 1780 1432 1867 subscriptio·

415 1918 507 1975 nem,
539 1897 627 1962 unde
660 1895 818 1961 datarium
850 1917 936 1961 anno
970 1896 1054 1962 1463
1081 1906 1255 1964 exaratum
1277 1920 1348 1965 esse
1371 1902 1434 1966 sci-

415 2039 500 2083 mus.
543 2018 723 2100 imaginem
738 2016 920 2100 scripturae
935 2016 1138 2102 lithographi
1153 2024 1223 2084 arte
1245 2039 1434 2102 expressam

416 2136 491 2217 (sed
524 2155 589 2218 qua
625 2142 720 2199 caute
756 2134 917 2200 utendum
954 2140 1022 2218 est)
1056 2136 1157 2201 edidit
1190 2136 1434 2205 GFroehnerus

415 2255 529 2340 philol.
553 2272 616 2311 xnn
644 2255 716 2320 569.
761 2253 871 2320 datani
893 2277 1013 2322 manus
1034 2258 1143 2341 prima
1165 2258 1244 2341 quid
1267 2260 1435 2343 scripserit

415 2380 546 2460 saepius
562 2375 757 2442 difficillimo
772 2375 920 2461 dignosci
940 2384 1057 2460 potest,
1080 2400 1157 2443 oum
1179 2388 1377 2445 correctores
1393 2418 1434 2426 -

293 2503 304 2522 '
415 2506 482 2561 tres
495 2497 674 2570 ‘minimum
685 2498 830 2575 fuerunt,
853 2496 910 2562 sed
925 2497 1046 2581 ubique
1061 2498 1203 2584 singulis
1218 2522 1279 2565 sua
1289 2498 1434 2565 tribuere

414 2638 475 2683 nec
507 2618 587 2682 licet
620 2638 679 2681 nec
710 2617 845 2700 prodest
871 2654 914 2661 —
943 2618 1049 2681 multa
1081 2619 1243 2683 eradendo
1275 2620 1434 2685 mutando

415 2734 687 2820 superscribendo
708 2736 880 2817 pristinam
906 2735 1103 2817 scripturam
1126 2736 1249 2801 mirum
1272 2740 1433 2819 quantum

414 2853 670 2920 obscurauerint.
728 2854 764 2917 in
798 2852 977 2939 appendice
1011 2854 1175 2938 significet
1207 2855 1239 2920 D
1273 2855 1432 2921 lectiones

414 2973 540 3060 primae
561 2994 680 3039 manus
700 2993 720 3036 a
739 2973 976 3038 correctoribus
1000 2974 1049 3057 (d)
1072 2994 1138 3039 non
1160 2981 1353 3058 temptatas:
1377 2977 1433 3059 qui

415 3095 566 3178 quotiens
584 3093 707 3176 aliquid
722 3100 946 3171 mutauerunt,
969 3113 1028 3175 pro
1042 3092 1075 3156 D
1097 3101 1176 3160 nota
1190 3094 1238 3159 D¹
1253 3095 1433 3161 substituta

414 3222 466 3278 est
498 3220 648 3277 accurato
681 3220 778 3276 notae
805 3211 826 3274 d
854 3212 1012 3296 opposita
1062 3221 1280 3279 correctorum
1312 3235 1432 3280 manus

415 3333 599 3399 discernere
621 3330 726 3395 sicubi
749 3351 830 3413 opus
852 3351 922 3396 esse
943 3330 1130 3411 uidebatur,
1156 3332 1242 3416 quod
1265 3334 1433 3418 rarissime

415 3454 540 3531 euenit,
573 3450 780 3536 significatus
808 3460 858 3518 est
879 3452 1007 3536 primus
1029 3460 1064 3519 et
1085 3452 1249 3521 secundus
1270 3461 1433 3519 corrector

414 3582 493 3640 nota
515 3570 551 3636 d²
572 3579 605 3635 et
627 3570 672 3636 (1³.

533 3694 585 3758 L:
629 3689 714 3755 liber
757 3690 837 3754 olim
881 3690 1058 3757 Laurentii
1101 3690 1270 3773 Sentenii,
1314 3692 1433 3759 deinde

414 3810 1431 3900 HFDieaiimuncinbibliothecaregiaberolinensi,signatus:

413 3940 476 4001 Ma
502 3936 596 4001 Dar.
623 3936 665 3997 B.
693 3932 782 3997 Soet.
809 3932 870 4008 36,
900 3930 1100 4009 chartaceus,
1128 3934 1235 4000 forma
1257 3935 1431 4013 octonaria,

414 4054 545 4118 saeculo
572 4070 614 4109 xv
642 4048 840 4115 nitidissime
871 4051 1031 4136 scriptus,
1065 4051 1154 4118 foliis
1182 4055 1431 4139 quinquaginta,

414 4172 555 4256 paginae
583 4178 713 4253 tantum
741 4192 805 4237 non
828 4191 944 4236 omnes
965 4192 1121 4238 uersuum
1144 4173 1337 4241 nicenorum
1359 4173 1432 4257 qui-

373 4667 500 4798 ss
