3542 5167
428 668 471 737 62
818 686 864 744 cv
882 689 1062 745 rar-cvra

429 872 471 941 15
493 873 545 939 dic
566 875 663 941 nobis
685 875 742 940 ubi
763 876 809 940 sis
831 876 972 956 futurus,
996 876 1055 943 ede
1146 914 1148 918 ·

494 995 658 1073 audacter,
681 996 856 1073 committa,
879 995 974 1061 crede
995 998 1090 1061 lucei.

493 1136 574 1179 num
595 1122 629 1179 te
651 1115 807 1181 lacteolae
828 1122 944 1180 tenent
966 1115 1118 1199 puellae?

493 1235 523 1299 si
544 1234 694 1318 linguam
716 1234 829 1299 clauso
850 1241 940 1299 tenes
961 1235 997 1298 in
1018 1255 1082 1312 ore,

492 1352 617 1417 fructus
639 1352 790 1434 proiioies
812 1353 934 1417 amoris
956 1372 1088 1417 omncs:

429 1470 471 1536 20
493 1471 632 1536 uerbosa
653 1471 776 1555 gaudet
798 1471 913 1536 Venus
936 1470 1087 1554 loquella.

492 1591 547 1655 uel
569 1591 599 1654 si
620 1592 682 1667 uis,
704 1590 783 1655 licet
804 1589 935 1655 obseres
956 1590 1115 1674 palatum,

492 1708 571 1774 dum
593 1710 698 1775 oostri
720 1711 782 1774 sim
802 1711 965 1795 particeps
988 1710 1118 1777 amoris.

896 2170 978 2239 LVI

498 2397 527 2492 (l
551 2452 622 2495 rem
643 2431 828 2508 ridiculam,
851 2429 944 2509 (lato,
968 2438 1002 2496 et
1022 2431 1164 2497 iocosam

494 2550 694 2635 dignamque
717 2551 852 2615 auribus
875 2558 908 2616 et
930 2557 988 2615 tuo
1010 2551 1175 2615 cachinno.

490 2670 569 2747 ride,
593 2671 748 2753 quioquid
770 2691 871 2748 amas,
895 2669 987 2747 Oato,
1011 2668 1204 2736 Catullum:

491 2809 545 2851 res
567 2797 617 2852 est
638 2788 779 2853 ridicula
801 2797 834 2853 et
854 2789 955 2853 nimis
978 2789 1093 2854 iocosa.
1150 2799 1153 2804 ’

449 2907 469 2969 5
492 2905 649 2989 deprendi
671 2907 767 2973 modo
789 2908 951 2990 pupulum
974 2907 1104 2991 puellae

491 3035 693 3091 trusantcm:
717 3027 804 3090 hunc
826 3047 895 3108 ego,
918 3027 946 3090 si
968 3026 1077 3108 placet
1099 3027 1235 3103 Dionae,

490 3144 617 3226 protelo
639 3143 746 3228 rigida
766 3165 840 3208 mea
862 3144 974 3209 cecidi.

429 3484 460 3537 16
477 3487 525 3538 hoc
542 3488 668 3538 committe
693 3488 792 3540 illucet
815 3487 827 3535 ΙΙ
849 3487 879 3537 17
898 3486 970 3538 Nunc
994 3486 1006 3534 ΙΙ
1028 3486 1059 3537 18
1076 3494 1165 3537 teneus
1189 3487 1201 3534 ΙΙ
1226 3486 1258 3535 22
1277 3486 1355 3537 nostri
1378 3486 1390 3534 ll
1411 3484 1445 3537 sis

431 3569 445 3618 ll
464 3571 523 3622 LVI
541 3572 581 3621 Ad
600 3571 719 3623 Catonem
743 3573 756 3620 ll
774 3573 791 3622 5
809 3573 927 3639 populum
951 3573 963 3621 ΙΙ
982 3571 999 3622 7
1017 3571 1067 3622 Pro
1085 3572 1136 3623 telo

429 3790 459 3841 15
477 3789 521 3840 ubi
538 3789 583 3839 sis:
601 3804 704 3839 securus
722 3788 770 3838 ede
791 3785 891 3837 Galatae
995 3787 1027 3839 16
1044 3805 1074 3837 ea
1091 3787 1138 3838 hoc
1155 3786 1280 3837 committe
1301 3787 1326 3837 V
1348 3787 1445 3840 Vossius

426 3876 484 3927 duoe
501 3874 548 3926 cde
568 3875 615 3924 hoc
633 3871 769 3932 Audacter,
786 3872 912 3922 committe
1020 3871 1085 3922 lucei
1103 3868 1229 3935 Scaliyero
1247 3870 1342 3923 debetur

427 3962 459 4013 17
476 3967 563 4013 tenent
580 3959 689 4026 papillas
707 3956 820 4007 Perreiua
832 3956 965 4007 Palladius
983 3956 1098 4007 Heinsius
1117 3954 1245 4007 Santonica
1279 3951 1286 3961 ⁸
1349 3960 1380 4010 21
1396 3960 1444 4011 Vel

425 4045 503 4113 signis
521 4046 550 4111 (i.
568 4062 588 4097 e.
604 4044 705 4110 ciuilius)
724 4043 784 4094 licat
807 4041 905 4093 Vossius
1007 4042 1041 4093 22
1059 4043 1125 4093 Dum
1143 4044 1223 4095 nostri
1241 4045 1272 4096 fis
1289 4045 1395 4112 Heyriua

494 4148 551 4198 LVI
569 4149 585 4197 5
604 4166 636 4197 an
653 4148 679 4198 in
696 4146 796 4213 puella?
881 4145 897 4195 6
916 4145 1069 4198 Grissantsm
1085 4138 1102 4223 β
1119 4146 1260 4201 luctantem
1277 4147 1442 4199 dloedlicliua

528 4232 564 4283 sic
582 4231 676 4283 Statius
778 4230 795 4281 7
812 4231 864 4284 Pro
880 4231 932 4284 telo
955 4225 1018 4285 Vos
