3542 5167
799 692 872 747 oxu
893 694 974 746 1-2

832 878 935 945 LXII

439 1032 566 1148 Vesper
588 1064 697 1131 adest:
720 1066 868 1145 iuuenes,
891 1070 1235 1153 consurgitezwuospor
1250 1072 1394 1157 Olympo

437 1192 609 1268 expectata
630 1184 687 1249 diu
710 1185 768 1250 uix
791 1186 925 1250 tandem
948 1186 1076 1252 lumina
1098 1188 1195 1254 tollit.

442 1356 514 1409 oxu
531 1356 692 1409 Exsmotrum
711 1374 811 1409 carmen
828 1357 941 1424 nuptiale

442 1510 513 1561 luxu
539 1509 582 1559 Ad
604 1510 712 1561 lectiones
729 1510 798 1561 huius
816 1511 928 1560 canninis
946 1510 1089 1577 archetypas
1108 1511 1281 1577 coqnosccndas
1298 1522 1394 1576 praeter

380 1594 493 1644 Veliam
515 1593 622 1645 iectioms
645 1594 704 1645 libri
728 1594 753 1644 Τ
770 1596 883 1661 (thuanei
903 1596 964 1644 inter
983 1596 1107 1660 parisinae
1132 1596 1216 1661 8971)
1240 1596 1311 1646 utiles
1334 1606 1394 1648 sunt.

374 1680 569 1747 Epithalamium
593 1679 686 1733 catulli
707 1679 732 1729 Τ
749 1681 943 1747 Epithalamium
971 1678 1132 1737 Quintilianus
1154 1699 1244 1746 quoque
1262 1682 1285 1733 Ιι.
1303 1698 1396 1732 carmen

374 1765 509 1815 nominauit.
521 1766 552 1829 cf.
564 1764 600 1815 ad
609 1784 632 1816 u.
646 1766 689 1816 45.
702 1793 734 1803 -
748 1764 802 1815 Hoc
819 1783 914 1815 carmen
931 1767 1078 1815 amoebaeum
1096 1782 1125 1815 cn
1144 1764 1260 1831 Sapphus
1278 1766 1396 1832 epithala-

374 1850 419 1899 mio
437 1849 538 1914 quodam
555 1867 691 1915 cupressum
710 1851 753 1915 (cs.
771 1849 912 1900 HKoecMin'
928 1860 988 1901 orat.
1006 1849 1110 1900 academ.
1132 1849 1215 1900 Turici
1226 1851 1395 1919 18691198)

375 1945 441 1985 certa
475 1953 620 1986 numerorum
656 1934 705 2002 leae
740 1936 889 2001 compositum
924 1945 960 1985 est
1002 1936 1082 2001 (conns.
1133 1933 1298 1987 ORibbeckius
1337 1954 1396 1987 mus.

373 2018 456 2070 lscluet.
469 2038 521 2071 nou.
533 2018 554 2068 Ι
560 2019 637 2086 227).
667 2019 731 2085 quod
743 2020 835 2085 primus
853 2018 964 2071 Naekius
982 2018 1029 2070 ind.
1049 2020 1099 2073 lect.
1119 2021 1184 2070 bonn.
1200 2020 1247 2074 99).
1266 2038 1290 2071 a.
1310 2020 1395 2089 182³)

370 2121 396 2168 p.
413 2103 449 2153 ΙΙ
463 2104 552 2169 (opusc.
570 2104 588 2154 1
591 2105 601 2170 )
619 2104 690 2167 uidit,
708 2106 774 2155 cuius
792 2105 928 2155 sententian
946 2106 989 2155 noc
1004 2114 1127 2169 conspectu
1144 2105 1276 2169 explicanti:
1295 2105 1394 2171 stroysia

373 2205 393 2243 α
408 2189 514 2239 iuuenum
531 2208 554 2241 u.
571 2190 653 2240 1-5:
671 2191 822 2255 antistropha
839 2192 867 2247 α’
884 2191 1019 2257 puellarum
1036 2208 1058 2241 n.
1080 2189 1168 2241 6-19
1186 2193 1256 2255 (=.5
1274 2192 1328 2258 uu.)
1347 2189 1352 2259 Ι
1377 2181 1394 2268 β

374 2275 421 2326 sua
445 2275 553 2325 11-19
576 2276 644 2340 (πε
666 2294 718 2336 a„
744 2277 830 2327 omaso
851 2295 921 2329 aaa
944 2278 990 2343 14)
1009 2286 1021 2335 n
1046 2264 1069 2329 Γ
1083 2293 1124 2339 pu.
1143 2274 1279 2326 20-252
1296 2265 1328 2331 r·
1345 2276 1394 2325 aa

374 2359 482 2411 26-31
506 2360 549 2425 (ε
567 2360 584 2411 o
601 2350 761 2428 uuoflnpu.
783 2360 918 2412 on-na:
943 2351 974 2414 Δ·
1001 2361 1050 2413 suu.
1084 2360 1196 2410 n-os
1224 2362 1264 2424 (ε
1284 2366 1295 2411 s
1312 2357 1394 2427 uun)

373 2432 399 2499 E
415 2462 457 2510 pu.
476 2444 599 2495 <se-ss.-
616 2433 650 2499 E·
668 2446 715 2497 nn
735 2446 842 2497 se-as
861 2447 944 2512 (210
962 2448 1020 2512 sun)
1036 2448 1049 2495 ιι
1065 2441 1090 2526 β·
1108 2445 1155 2496 unu.
1173 2445 1297 2497 oe-oo
1316 2447 1360 2511 (ε
1381 2444 1397 2493 e

374 2533 437 2596 mc.)
473 2531 497 2580 in
515 2530 602 2595 primis
625 2549 670 2580 non
686 2530 770 2596 plures
788 2549 859 2596 quam
877 2541 924 2581 tres
946 2534 1080 2584 certaminis
1098 2532 1174 2597 ipsius
1183 2531 1266 2594 fuisse
1285 2529 1397 2594 strophas

375 2603 477 2690 (ΓΔΕ)
496 2612 607 2666 Nostius
625 2616 748 2667 intellccit.
783 2627 882 2667 ceterum
896 2628 954 2683 post
970 2636 992 2669 u.
1012 2619 1050 2669 32
1067 2635 1151 2669 uersus
1169 2616 1264 2680 aliquos
1282 2614 1398 2665 excidisse

375 2700 423 2750 iam
440 2700 561 2750 Auantius
580 2700 675 2767 (anund.
691 2719 717 2766 p.
736 2701 791 2752 934
808 2701 844 2753 ed.
859 2703 939 2767 paris.
952 2720 976 2754 a.
988 2704 1074 2770 1601)
1088 2703 1199 2769 dispexit.
1228 2700 1292 2766 quod
1303 2698 1398 2752 Statius

374 2795 397 2835 et
419 2783 532 2852 Scaliycr
553 2786 729 2852 adynouerunt,
752 2788 849 2853 neyauit
868 2788 930 2839 male
955 2788 1053 2841 Vossius
1078 2791 1124 2856 (cs.
1147 2788 1253 2854 Hauptii
1273 2805 1311 2852 qu.
1336 2785 1398 2853 37),

374 2881 457 2922 canoa
478 2871 542 2921 iusto
562 2872 646 2937 plures
668 2872 773 2923 amissos
796 2890 847 2923 csse
870 2891 953 2924 uersus
975 2874 1144 2926 Lachmannus
1162 2875 1186 2924 in
1203 2873 1302 2926 editione
1317 2873 1399 2938 priore

376 2986 410 2994 —
432 2957 456 3007 in
479 2957 558 3008 altera
580 2957 641 3009 nituit
661 2957 690 3007 dc
712 2958 759 3008 nac
781 2975 808 3007 re
830 2959 943 3023 sciptum
964 2970 1029 3011 catat
1046 2990 1079 2999 -
1098 2971 1120 3012 et
1136 2959 1260 3025 Hauptius
1278 2958 1330 3026 (qu.
1350 2958 1398 3024 48)

376 3050 515 3105 statucnunt,
534 3041 576 3092 ille
593 3043 726 3109 sexaqinta,
745 3043 782 3092 nic
804 3044 904 3109 maimo
925 3046 985 3095 inter
1007 3064 1030 3098 u.
1053 3046 1091 3097 32
1108 3056 1131 3095 ct
1149 3046 1188 3095 33
1205 3062 1288 3094 uersus
1302 3043 1397 3109 parasse

374 3125 521 3177 arbitrando.
551 3127 635 3191 quibus
653 3126 786 3193 adsunuptis
804 3127 845 3178 itte
862 3128 961 3179 sedecim
979 3131 1017 3181 bic
1029 3130 1148 3181 duodccim
1151 3130 1234 3195 fuisse
1245 3128 1396 3193 stropharum
1437 3147 1440 3155 ¹

373 3230 467 3263 cannen
484 3214 595 3279 opinatus
612 3224 655 3265 cst.
690 3225 717 3264 at
733 3214 856 3280 Hauptius
871 3226 957 3281 postea
974 3220 1005 3268 ab
1024 3218 1069 3269 nac
1085 3218 1201 3268 sententia
1218 3215 1316 3266 desciuit
1337 3215 1395 3279 ipse,

374 3315 425 3348 cum
441 3298 466 3348 in
483 3308 585 3365 auoque
602 3318 649 3351 sua
666 3299 764 3350 editione
782 3300 818 3351 ita
834 3311 861 3352 ut
880 3300 1057 3354 GHermannus
1075 3321 1131 3353 ann.
1149 3302 1221 3353 laon.
1239 3296 1334 3350 XXII
1339 3300 1397 3352 999

366 3383 433 3446 fecit
441 3399 525 3433 uersus
537 3382 667 3435 ordinaret.
702 3385 724 3435 is
736 3393 813 3435 autem
825 3385 885 3436 hunc
897 3387 1009 3437 carminis
1022 3386 1125 3437 ordinem
1137 3387 1233 3436 statuit:
1250 3383 1397 3435 Prasmon

375 3482 395 3521 α
413 3468 461 3519 inu.
480 3467 558 3537 ⁵²9⁴
577 3487 619 3535 pu.
638 3470 684 3521 tn
699 3467 809 3519 Pmodos
825 3463 842 3547 β
860 3471 908 3521 iau.
927 3472 945 3521 9
962 3472 975 3520 ΙΙ
991 3469 1114 3523 Mesodos.
1133 3462 1156 3526 Γ
1172 3488 1214 3535 pu.
1235 3470 1270 3521 6.·
1292 3460 1316 3524 Γ
1320 3473 1325 3495 ’
1349 3469 1397 3519 iau.

377 3552 395 3603 6
420 3543 851 3623 lApuatA⁴tuu,n)Epu.
871 3544 1269 3633 11:E'iou.1lttEpod0s)¹
1289 3530 1343 3605 iun.
1373 3553 1396 3608 9.

375 3646 423 3687 tres
434 3638 518 3701 fuisse
541 3640 675 3690 certaminis
697 3642 773 3706 ipsius
791 3651 877 3708 partes
901 3658 951 3691 cum
973 3638 1069 3691 Noela'o
1092 3650 1115 3691 et
1133 3641 1268 3693 Hermanno
1285 3640 1396 3691 Hartun·

373 3740 418 3788 qus
430 3740 521 3788 quoque
538 3724 636 3790 (philol.
648 3724 683 3776 Il
692 3727 759 3793 249)
778 3726 942 3777 Froehlicnius
959 3729 1035 3789 (nunt
1047 3726 1132 3777 erudit.
1145 3744 1234 3778 monac.
1248 3725 1295 3776 XI
1306 3715 1397 3793 [1849]

375 3806 422 3875 55)
440 3807 581 3859 leutscnc'us
598 3811 673 3875 (nunt.
690 3812 756 3865 erud
773 3812 872 3880 yottinq.
892 3812 962 3862 1⁸55
977 3829 1004 3877 p.
1022 3810 1102 3878 1997)
1121 3810 1255 3862 Plcimerus
1273 3808 1397 3859 ARieoius

376 3892 449 3957 (ann.
473 3893 543 3945 Iann.
566 3894 730 3947 LXXXXI
749 3898 823 3963 302)
849 3896 953 3949 credunt.
998 3897 1143 3948 consentiunt
1165 3905 1263 3961 praeter
1290 3892 1398 3943 Riesium

374 3976 448 4027 eidem
465 3987 488 4028 et
509 3977 676 4031 ORsobeckius
694 4000 750 4034 ann.
768 3983 840 4033 Ialm.
858 3980 977 4032 LXXV
992 3982 1027 4033 79
1049 3981 1077 4031 dc
1100 3996 1208 4029 uersuum
1227 3994 1320 4028 numero
1337 3986 1398 4026 stro·

371 4067 475 4132 pisarum
495 4054 521 4121 Ε
543 4078 566 4117 ct
586 4054 620 4120 E'
641 4084 692 4116 cum
708 4065 855 4131 Hernsanno,
873 4067 916 4133 qui
933 4065 1106 4129 antistropham
1124 4051 1158 4116 E‘
1175 4080 1245 4113 uersu
1257 4060 1400 4111 intercalari

375 4156 444 4206 auxit
460 4159 484 4200 et
499 4156 524 4205 in
541 4153 642 4218 stropha
659 4138 685 4205 Ε
703 4161 746 4202 aut
762 4162 820 4216 post
840 4170 863 4204 u.
883 4152 920 4202 to
941 4152 1015 4216 (prob
1038 4147 1088 4212 Hp.
1111 4147 1136 4196 in
1156 4146 1205 4196 edit
1234 4149 1332 4212 utroq.)
1355 4156 1399 4197 aut

371 4250 428 4307 post
444 4259 468 4293 u.
486 4241 518 4291 41
536 4256 605 4290 unum
623 4237 739 4289 cacidnsse
756 4254 848 4288 uersum
865 4236 988 4288 iudicauit.
1023 4232 1086 4283 iliud
1102 4242 1177 4283 tomen
1195 4233 1242 4283 iam
1260 4241 1314 4283 ante
1331 4230 1396 4283 Her·
