3542 5167
1265 615 1369 721 vnn

350 858 578 936 inueniuntur,
601 877 683 941 quas
706 854 859 942 Silligius
876 879 944 922 non
959 859 1021 941 ipsi
1037 858 1163 923 scribae
1179 858 1369 943 antiquissi-

349 1001 414 1056 mo,
440 978 498 1043 sed
521 986 631 1043 tamen
655 979 778 1043 ‘manui
801 999 867 1041 non
890 978 1001 1041 minus
1025 978 1186 1061 antiquae’
1210 980 1368 1045 attribuit.

350 1106 464 1163 contra
497 1097 674 1162 Eduardns
704 1097 939 1174 Woelfflinus,
968 1098 1025 1179 qui
1057 1097 1231 1164 Leutsehii
1263 1100 1371 1183 gratia

349 1218 475 1283 librum
502 1215 536 1282 G
562 1217 726 1299 inspexit,
760 1227 950 1281 contextum
982 1238 1080 1300 quem
1109 1239 1265 1285 uocamus
1294 1241 1370 1285 cum

350 1338 453 1403 uariis
480 1337 551 1402 illis
578 1335 774 1402 lectionibus
796 1357 898 1401 manu
920 1357 988 1400 una
1010 1336 1189 1420 eademque
1212 1341 1370 1422 seriptum

351 1478 422 1522 esso
450 1456 642 1522 adfirmauit
655 1462 705 1538 ²⁹).
758 1456 951 1521 Woelfflino
981 1457 1178 1522 Duebnorus
1206 1480 1244 1522 ca
1273 1469 1370 1525 tenus

352 1578 513 1643 adsensus
547 1584 598 1642 est
633 1587 670 1641 ut
695 1577 876 1640 maximam
900 1575 1031 1659 quidem
1054 1586 1181 1660 partem
1203 1580 1371 1645 uariarum

352 1697 532 1762 lectionum
561 1696 771 1761 adseueraret
793 1717 812 1761 a
834 1696 941 1761 scriba
963 1696 1076 1761 eodem
1100 1699 1155 1779 qui
1182 1706 1371 1764 contextum

352 1817 539 1899 scripsisset
549 1824 716 1881 exaratam
731 1836 810 1894 csse,
827 1824 983 1881 attamen
998 1838 1060 1881 non
1078 1816 1189 1881 nullas
1204 1838 1275 1882 esse
1290 1839 1372 1901 quae

356 1944 414 2001 aut
436 1935 551 2002 eadem
574 1943 681 2001 aetate
697 1936 738 2001 ab
754 1936 819 2000 alio
834 1936 943 2001 scriba
958 1945 1015 2001 aut
1030 1946 1178 2019 tempore
1192 1939 1373 2020 posteriore

353 2055 484 2121 additae
500 2077 571 2121 esse
586 2057 722 2139 possint.
756 2064 795 2120 ut
816 2055 928 2121 omnia
950 2056 1012 2120 huc
1035 2056 1075 2119 de
1097 2078 1132 2120 rc
1156 2078 1255 2139 quam
1278 2077 1371 2122 accu-

352 2177 519 2241 ratissime
542 2175 820 2253 discernerentur,
849 2177 884 2239 in
914 2175 1091 2258 appendice
1119 2175 1289 2241 Duebneri
1315 2198 1371 2241 cx-

352 2304 464 2379 ccrpta
485 2302 619 2361 secutus
634 2296 725 2360 hisce
740 2296 825 2359 notis
841 2318 922 2360 usus
937 2317 1022 2373 snm,
1045 2316 1137 2377 quae,
1160 2296 1245 2377 quod
1261 2296 1372 2379 negle-

352 2414 650 2499 gendumnonest,
673 2414 719 2480 ad
743 2416 852 2480 solas
876 2414 1077 2479 lectiones
1100 2416 1210 2478 inter
1231 2436 1373 2481 uersus
1471 2498 1480 2513 ⁹

355 2535 421 2599 uel
442 2534 487 2599 ad
510 2535 731 2619 marginem
754 2536 931 2620 scriptas
946 2541 1104 2618 spectant.
1131 2535 1373 2618 significatigi-

357 2662 411 2718 tur
433 2652 479 2719 G*
501 2675 557 2719 eas
585 2655 695 2720 uarias
722 2655 880 2719 lectiones
910 2676 994 2737 qnae
1021 2655 1120 2738 plane
1148 2653 1261 2719 eodem
1290 2664 1373 2718 tem-

353 2794 444 2859 pore,
472 2795 538 2856 quo
565 2782 738 2839 contextus
765 2776 851 2859 ipso,
884 2796 903 2839 a
932 2773 964 2839 G
993 2774 1023 2839 h.
1048 2796 1074 2839 a.
1103 2795 1224 2838 manu
1246 2774 1376 2857 prima

353 2893 494 2976 scriptae
515 2900 610 2959 sunt:
634 2875 682 2959 (32
703 2915 758 2959 eas
780 2915 862 2976 quae
884 2903 959 2978 post
981 2894 1221 2959 absolutionem
1244 2902 1301 2960 aut
1323 2902 1373 2960 to·

353 3014 422 3077 tius
444 3020 619 3079 contextus
641 3021 700 3079 aut
720 3016 826 3098 partis
848 3014 1021 3080 cuiusdam
1044 3013 1111 3079 aG
1133 3014 1264 3079 additae
1280 3023 1375 3080 sunt:

354 3131 402 3198 (4³
423 3154 479 3198 eas
508 3155 589 3217 quas
619 3143 803 3200 atramento
833 3134 1007 3218 pallidiore
1030 3141 1063 3199 et
1084 3134 1211 3199 calamo
1234 3136 1376 3199 acutiore

353 3272 474 3318 manus
507 3255 633 3338 primae
667 3262 774 3320 aetate
802 3255 937 3319 omnino
968 3254 1114 3338 aequalis
1137 3254 1286 3336 scripsit,
1319 3253 1375 3318 sed

354 3379 465 3437 tamen
488 3373 629 3439 fortasse
663 3357 729 3439 non
763 3374 837 3457 ipsa
868 3374 984 3455 prima,
1018 3393 1092 3435 cum
1122 3374 1156 3434 in
1189 3372 1377 3435 litterarum

357 3492 565 3572 quarundam
592 3492 708 3558 formis
737 3492 822 3558 leuis
853 3490 1075 3572 discrepantia
1097 3489 1184 3553 inter
1205 3489 1378 3570 utriusque

356 3612 554 3695 scripturam
583 3611 760 3696 adpareat:
794 3610 937 3692 denique
959 3608 1007 3675 G*
1029 3630 1085 3674 eas
1108 3630 1191 3692 quac
1213 3608 1377 3692 posterius

354 3749 453 3812 quam
476 3729 509 3796 G
532 3731 663 3815 scripsit
684 3731 808 3797 inlatae
829 3750 902 3795 esse
923 3737 1107 3811 possunt.

456 3852 512 3915 D:
534 3849 620 3915 liber
642 3850 799 3926 datanus,
831 3870 850 3914 a
880 3847 1000 3913 Oarolo
1030 3849 1117 3911 Dato
1140 3847 1219 3909 olim
1242 3843 1376 3909 Nicolao

355 3967 494 4034 Heinsio
516 3968 646 4036 oblatus
660 3976 716 4049 ³⁰),
737 3976 853 4054 postea
875 3968 917 4034 ad
940 3966 1183 4041 LSantcnium,
1208 3963 1325 4029 deinde
1348 3986 1377 4035 a.

355 4085 560 4096 ..ι-...-

356 4132 424 4175 usnt.
440 4124 527 4191 philol.
545 4143 624 4193 germ.
642 4127 714 4177 mian.
733 4124 816 4193 (Lips.
835 4124 917 4189 1864)
935 4141 960 4190 p.
981 4121 1029 4172 118
1114 4118 1148 4170 29
1166 4119 1198 4173 cf.
1217 4127 1287 4174 nunt.
1305 4121 1375 4172 erud.

356 4215 421 4275 gott
439 4225 462 4263 ι.
482 4208 549 4260 1865
565 4228 592 4277 p.
613 4208 679 4260 1982
823 4209 859 4261 30
875 4208 907 4259 cf.
926 4207 1000 4261 huius
1017 4204 1118 4259 adnare.
1136 4222 1162 4271 p.
1181 4202 1231 4256 639

1155 4306 1172 4361 b
