3542 5167
1340 657 1372 724 V

355 878 417 939 quo
439 879 576 922 numero
598 861 853 942 scptrraginta¹²t
875 859 943 923 fere
965 859 1090 925 codices
1106 860 1184 925 libri
1199 861 1371 926 catulliani

354 976 450 1041 hodic
473 977 666 1058 superstites
690 998 731 1042 ex
754 979 906 1060 exemplo
930 980 1102 1044 neronensi
1125 989 1183 1044 aut
1205 989 1292 1044 recta
1316 980 1372 1044 uia

352 1105 410 1160 ant
437 1095 541 1160 altero
569 1096 622 1159 uel
650 1117 715 1160 non
743 1096 846 1161 nullis
869 1099 923 1162 uel
946 1098 1062 1162 multis
1086 1099 1246 1181 exemplis
1268 1099 1370 1164 inter·

351 1216 541 1281 cedentibus
569 1215 708 1279 deriuati
737 1227 814 1281 sunt
832 1223 878 1299 ¹⁸).
932 1240 997 1300 qua
1025 1217 1065 1283 de
1092 1240 1127 1282 re
1158 1218 1246 1283 haud
1276 1219 1372 1302 parui

352 1337 495 1418 profecto
524 1344 610 1399 essct
637 1337 811 1412 momenti,
844 1338 874 1401 si
907 1349 1056 1403 accurate
1089 1338 1372 1404 demonstraretur

353 1458 503 1537 quotiens
532 1456 641 1541 ipsum
670 1477 850 1521 ncronense
881 1459 914 1521 in
944 1479 1028 1523 noua
1051 1460 1252 1541 exemplaria
1281 1467 1371 1523 tran-

353 1578 514 1658 scriptum
536 1585 624 1640 essct
637 1581 684 1657 19);
714 1576 773 1640 sed
795 1575 835 1640 dc
858 1577 919 1641 hac
942 1598 976 1640 re
999 1578 1082 1641 nihil
1104 1578 1236 1643 uidetur
1258 1580 1370 1662 explo-

350 1697 416 1760 rari
441 1717 536 1778 posse
560 1697 624 1761 nisi
648 1698 800 1779 exempla
815 1699 982 1783 conplura,
1004 1700 1179 1763 minimum
1197 1699 1270 1775 duo,
1293 1699 1370 1763 inde

351 1902 464 1952 Boshmii
483 1920 516 1967 qu
543 1921 559 1968 p
585 1902 618 1953 29
691 1904 720 1953 17
739 1903 769 1953 cl.
790 1904 898 1970 Heysius
917 1904 933 1954 l.
947 1921 1002 1971 cp.
1015 1903 1073 1955 278.
1102 1912 1223 1971 apparatu
1238 1904 1370 1956 catullisno

351 1986 544 2051 locupletissimo
566 1987 625 2038 olim
650 1987 782 2038 LSnntenii
800 2006 865 2040 nunc
883 1989 1035 2040 berolinensi
1053 1990 1227 2040 Lachmannus
1244 2007 1305 2040 usus
1324 2000 1370 2041 est.

351 2072 486 2139 lleysium,
514 2074 557 2139 qui
583 2075 660 2125 libros
687 2076 855 2142 quadraginta
880 2076 990 2141 quinque
1013 2076 1123 2127 conlatos
1146 2075 1211 2141 apud
1234 2093 1261 2126 ss
1284 2075 1369 2139 habet,

350 2158 501 2209 ‘mantissam
519 2159 647 2219 criticam’,
665 2160 697 2210 dc
715 2178 765 2225 qna
782 2161 939 2227 interpretat.
957 2179 1017 2212 snae
1035 2179 1060 2227 p.
1078 2160 1128 2211 287
1147 2160 1222 2221 dixit,
1246 2178 1293 2211 non
1311 2161 1369 2211 dum

350 2243 457 2294 edidisse
476 2243 581 2293 manime
601 2244 734 2295 dolendum
752 2253 791 2295 est
864 2246 894 2295 18
916 2246 990 2296 etiam
1014 2254 1100 2311 postea
1122 2264 1195 2311 quam
1213 2246 1291 2296 codex
1310 2263 1368 2296 san-

349 2328 519 2393 germanensis
538 2346 568 2379 er
587 2330 719 2379 ueronensi
738 2330 879 2397 descriptus
897 2340 950 2389 est,
969 2331 1081 2381 Catullus
1099 2348 1197 2396 quoquo
1215 2347 1303 2381 uersus
1321 2346 1370 2380 non

351 2414 385 2463 its
406 2413 524 2465 celeriter
547 2415 692 2482 diuulgntns
714 2432 770 2467 esse
788 2416 896 2466 uidetur.
932 2417 997 2481 quod
1015 2434 1063 2467 non
1082 2416 1140 2466 inde
1158 2423 1254 2467 tanturn
1272 2414 1369 2482 conligo

351 2499 411 2563 quia
432 2500 531 2550 codices
553 2501 626 2565 longe
651 2501 750 2567 plurimi
772 2494 899 2567 aliquanto
916 2510 999 2553 aetate
1018 2502 1124 2552 minores
1143 2512 1201 2552 sunt
1219 2519 1292 2567 qnam
1310 2518 1368 2552 san·

352 2586 521 2649 germanensis
543 2584 588 2651 (cf.
612 2586 721 2654 Heysius
741 2586 761 2640 1.
785 2604 806 2639 c.
830 2606 854 2653 p.
875 2587 953 2655 283),
980 2587 1024 2638 sed
1047 2587 1122 2638 stiam
1145 2586 1200 2636 nliis
1222 2603 1253 2636 ex
1276 2585 1369 2636 csussis

351 2672 450 2723 conicio.
486 2689 593 2738 namque
611 2684 638 2723 et
657 2674 799 2725 Matthaeus
817 2674 955 2726 Pulmerius
976 2673 1001 2724 in
1022 2673 1135 2739 exemplo
1157 2671 1214 2722 libri
1235 2670 1368 2729 catulliani,

350 2756 416 2822 quod
434 2773 479 2805 sus
497 2757 573 2822 ipsius
591 2775 664 2808 monn
683 2777 704 2808 a.
728 2758 792 2809 1128
810 2760 920 2826 scripsit,
944 2760 1072 2810 ednotnuit
1094 2776 1158 2809 suno
1179 2757 1243 2807 1425
1262 2755 1368 2822 primum

354 2850 481 2908 repertum
504 2860 561 2894 csse
589 2844 713 2893 Catullum
740 2845 898 2911 pessimeque
925 2854 1053 2910 acceptum
1079 2844 1104 2894 in
1131 2860 1217 2893 manus
1243 2840 1369 2892 hominum

347 2928 448 2978 uenisse
466 2927 510 2994 (cf.
530 2928 607 2978 Andr.
626 2928 723 2979 Schotti
741 2931 864 2980 obseruat.
883 2930 982 2981 human.
1002 2945 1022 2983 11
1045 2929 1073 2978 16
1093 2947 1115 2994 p.
1133 2927 1182 2995 53)
1205 2936 1232 2978 et
1253 2924 1369 2992 Raphsel

350 3012 538 3073 Volaterranos,
557 3013 600 3077 qui
619 3014 650 3062 ab
669 3032 733 3063 anno
746 3014 799 3064 fere
816 3016 880 3065 1450
892 3014 924 3064 ad
936 3031 1026 3065 sunum
1042 3015 1107 3065 1520
1119 3013 1188 3072 uixit,
1207 3017 1366 3062 commentar.

347 3098 434 3148 urban·
453 3097 511 3149 libr·
530 3114 592 3153 xllll
609 3116 633 3163 p.
651 3098 701 3147 325
720 3098 759 3148 ed.
778 3099 848 3149 basil.
867 3100 941 3150 Frob.
964 3098 1028 3148 1559
1046 3099 1083 3148 lu’c
1104 3098 1195 3148 Catulli
1211 3096 1292 3163 iuquit
1311 3094 1369 3144 liber

347 3199 395 3230 una
416 3199 466 3230 cnm
495 3180 642 3237 Quintiliano
665 3192 771 3247 repertus
794 3194 830 3233 est
850 3193 927 3234 aetate
945 3193 1028 3234 norma
1047 3183 1174 3234 laciniosus
1193 3180 1368 3245 mendosusqnc.

348 3268 412 3317 nude
430 3275 513 3317 tamen
534 3268 681 3318 Leutschins
700 3268 715 3318 1.
729 3286 749 3318 c.
763 3287 785 3334 p.
802 3268 865 3320 1978
884 3270 1006 3335 Poggium
1020 3288 1040 3320 a.
1058 3270 1121 3319 1425
1137 3267 1265 3334 exemplar
1277 3266 1368 3317 ceteris

347 3370 410 3418 quae
429 3361 481 3402 tum
499 3354 525 3403 in
541 3372 587 3403 usu
606 3362 691 3404 essent
714 3355 868 3405 emendatius
893 3364 919 3405 et
941 3372 971 3404 ex
994 3355 1047 3419 ipso
1065 3352 1197 3403 usronensi
1215 3351 1367 3415 descriptum

346 3438 489 3505 repperisse
508 3438 570 3488 sciat
587 3439 686 3505 ignoro:
705 3439 752 3489 nisi
770 3440 836 3489 forte
854 3438 946 3489 fabella
963 3438 1064 3488 nouella
1081 3435 1189 3503 Augusti
1208 3435 1305 3499 Hagsui
1323 3451 1364 3484 re·

347 3524 492 3590 gimontsni‚
515 3524 558 3589 qui
580 3524 605 3574 in
630 3524 758 3574 liaurentii
771 3523 888 3574 Ghiberti
907 3523 1028 3574 chronicis
1046 3520 1184 3572 florentinis
1197 3519 1320 3586 Poggium
1339 3535 1366 3569 sc

347 3608 440 3661 Catulli
458 3610 568 3660 carmina
580 3609 605 3660 in
619 3610 708 3660 horreo
721 3610 827 3676 quodum
840 3609 966 3660 inuenisse
979 3616 1121 3659 narrantem
1133 3606 1201 3666 fecit,
1213 3614 1242 3656 nt
1253 3604 1367 3656 Naskius

346 3711 446 3759 quoque
465 3695 480 3744 l.
500 3711 521 3744 c.
540 3712 549 3749 1
570 3694 619 3745 150
641 3696 757 3746 seductus
780 3704 827 3747 est,
872 3696 905 3747 cf.
933 3694 974 3745 die
996 3694 1100 3745 cbronilr
1123 3692 1206 3745 seiner
1225 3690 1368 3743 -vaterstndt

346 3796 401 3829 vom
424 3780 571 3831 florentiner
594 3782 691 3831 Lorenz
710 3781 834 3833 Ghiberti.
870 3799 915 3832 aus
934 3781 990 3830 dem
1008 3771 1182 3831 italienisclren
1200 3795 1249 3828 von
1267 3778 1367 3843 August

346 3866 443 3932 Hagen.
485 3866 567 3932 Leipz.
595 3866 659 3916 1833
675 3883 692 3924 ,1
714 3866 772 3917 273.
813 3867 858 3917 sed
880 3865 938 3916 uide
961 3865 1007 3916 bac
1029 3865 1061 3915 de
1084 3881 1111 3913 re
1134 3862 1272 3929 llnnptinm
1295 3868 1365 3911 nunt.

345 3968 394 4001 soc.
417 3950 464 4001 litt,
486 3967 571 4002 saxon.
593 3969 615 4003 a.
642 3951 705 4001 1849
724 3969 747 4018 p.
767 3951 816 4001 256
907 3950 936 4000 19
957 3950 989 4002 cf.
1009 3946 1156 3999 Leutschius
1175 3947 1191 3997 1.
1211 3962 1231 3995 c.
1249 3962 1271 4010 p.
1294 3943 1366 3995 1982.

344 4035 409 4085 hanc
432 4034 604 4100 quaestionem
628 4036 713 4086 dubito
736 4053 793 4084 num
817 4036 859 4087 usl
872 4031 905 4086 vis
925 4034 964 4086 cni
982 4033 1093 4084 codicum
1111 4048 1185 4095 quam
1205 4029 1365 4096 plurimorum

343 4118 463 4171 lectiones
481 4127 597 4171 accurate
614 4128 729 4171 enotatas
747 4128 847 4187 praesto
865 4121 916 4171 sint
933 4118 1042 4184 perfecte
1060 4115 1159 4167 soluere
1177 4123 1259 4181 queat.
1297 4132 1362 4181 quae

345 4205 371 4261 in
390 4206 453 4256 hanc
472 4222 525 4255 rem
537 4223 553 4255 a
564 4204 726 4265 Rossbachio,
744 4205 786 4280 qui
804 4206 830 4256 in
848 4206 910 4259 edit.
929 4222 952 4271 p.
972 4205 1158 4270 vn1‘stemma
1181 4202 1300 4261 librorum
1321 4220 1363 4262 ca«
