3542 5167
731 692 1012 752 hul-mlo

820 880 923 948 LXX

426 1000 520 1096 Nulli
540 1050 576 1096 se
597 1030 677 1096 dieit
698 1031 819 1096 mulier
839 1053 915 1099 mee
935 1034 1060 1102 nubere
1080 1038 1183 1103 melle

470 1170 570 1231 quem
591 1149 685 1225 mihi,
709 1170 776 1214 non
797 1150 826 1215 si
848 1171 883 1217 so
905 1152 1055 1238 Iuppiter
1076 1156 1145 1238 ipse
1168 1163 1269 1239 potet.

428 1266 521 1333 dieit:
545 1267 603 1333 sed
623 1268 745 1333 mulier
766 1268 883 1352 cupido
905 1271 992 1353 quod
1014 1272 1095 1339 dicit
1115 1276 1241 1340 ementi

472 1387 506 1450 in
528 1393 628 1452 uento
649 1394 684 1453 et
704 1386 818 1471 rapida
838 1389 981 1457 seribere
1001 1398 1129 1473 oportet
1150 1413 1245 1477 eque.

818 1556 937 1623 LXXI

432 1674 472 1771 Si
494 1708 571 1804 quoi
592 1709 662 1772 iure
683 1708 769 1774 bono
791 1730 881 1775 eaeor
903 1712 1034 1777 alarum
1055 1714 1184 1779 obstitit
1206 1714 1328 1793 hireus,

476 1834 533 1890 aut
554 1826 582 1889 si
605 1846 700 1908 quem
721 1830 840 1894 merito
862 1829 958 1895 tarda
977 1831 1124 1920 podagre
1146 1841 1242 1910 secut,

434 1944 584 2009 aemulus
606 1946 670 2009 iste
691 1952 778 2024 tuus,
801 1948 859 2029 qui
879 1956 1028 2013 uestrum
1050 1956 1180 2015 exercet
1201 1971 1356 2029 amorem,

476 2064 614 2128 mirifico
636 2071 686 2128 est
708 2085 728 2129 a
750 2072 782 2129 te
802 2071 919 2132 nauus
941 2073 1107 2150 utrunque
1128 2068 1263 2134 melum.

391 2184 411 2245 5
433 2204 512 2247 nam
533 2182 684 2263 quotiens
706 2183 808 2248 futuit
830 2184 951 2249 totiens
973 2186 1145 2252 uleisoitur
1166 2187 1301 2253 ambos:

477 2301 572 2366 illam
594 2302 714 2385 affligit
736 2301 843 2381 odore,
864 2302 936 2386 ipso
957 2305 1043 2388 perit
1062 2305 1216 2390 podagra.

439 2503 526 2558 LXXI
546 2508 557 2556 l
576 2505 605 2557 si
623 2523 672 2572 que
688 2504 743 2557 uiro
761 2505 825 2557 bono
842 2522 968 2557 sacrorum
986 2507 1084 2560 obstitit
1098 2508 1111 2576 Η
1126 2508 1143 2560 2
1160 2526 1234 2577 quam
1249 2508 1263 2578 ΙΙ
1273 2526 1357 2562 seeum

375 2611 579 2621 ...—--—--——-

439 2658 511 2710 Lxx
526 2660 545 2708 4
561 2657 594 2712 In
610 2657 668 2709 uino
686 2655 801 2721 affantes
817 2656 913 2710 coelest.
930 2658 1010 2712 lueret
1024 2659 1079 2712 425
1091 2660 1245 2713 Eumenous
1256 2662 1291 2713 sd
1300 2662 1392 2716 anthol.

373 2744 415 2797 lot.
432 2744 453 2795 I
461 2762 489 2809 p.
507 2744 560 2796 541

437 2847 522 2899 LXXI
545 2847 558 2897 l
582 2846 611 2898 si
632 2846 691 2913 quoi
712 2845 768 2898 iure
791 2848 855 2898 bono
876 2845 1009 2897 Palladius
1026 2846 1146 2899 Auautius
1165 2848 1214 2913 (ef.
1229 2846 1337 2913 Hauptie'
1353 2865 1393 2913 qu.

370 2932 418 2999 93)
434 2932 510 2983 Lu*.·
527 2930 555 2983 Si
566 2932 631 2998 quoi,
645 2932 730 2993 Virro,
746 2934 811 2984 bono
831 2925 848 3011 β
871 2931 918 2984 Lm
935 2948 960 2985 ω
979 2932 1007 2983 Si
1018 2932 1084 2997 quoi,
1100 2932 1182 2993 Virro,
1194 2932 1289 2984 homini
1297 2930 1393 2984 BGua-

373 3020 440 3068 n'uus
457 3017 518 3067 Lm*
535 3016 563 3068 si
580 3017 646 3084 quoi,
664 3018 769 3080 Vibulli,
787 3037 860 3071 secer
876 3018 980 3069 Pohlius
1000 3017 1050 3068 lect.
1068 3018 1106 3069 59
1211 3034 1283 3069 secer
1299 3017 1395 3070 elerum

372 3101 434 3152 Itali
449 3101 520 3151 Lm*.·
537 3118 663 3157 suetorum
671 3101 697 3152 V
707 3102 755 3153 Dm
771 3122 842 3156 sacer
851 3120 976 3156 armorum
985 3101 1149 3153 Froeklicltius
1158 3111 1222 3153 nunt.
1232 3100 1296 3153 eud.
1305 3118 1396 3154 monae.

375 3185 424 3236 XI
438 3186 530 3252 (1840)
551 3186 587 3237 70
603 3188 658 3238 iure
675 3187 762 3239 Bonae
774 3198 928 3241 oneratorum
941 3186 1001 3237 idem
1012 3186 1097 3237 otidem
1110 3185 1202 3237 XXV
1211 3186 1304 3252 (1847)
1316 3186 1395 3239 1010.

374 3271 434 3321 huuc
452 3272 525 3322 locum
541 3272 651 3338 Hauptio
668 3290 707 3337 qu.
725 3273 763 3324 92
780 3273 905 3324 uidebatur
922 3271 1031 3322 Isidorus
1049 3270 1079 3321 de
1095 3270 1150 3336 diff
1167 3288 1236 3321 serm.
1249 3280 1266 3324 t.
1286 3270 1344 3336 Vp.
1359 3270 1397 3323 63

373 3356 447 3408 Areu.
464 3358 605 3422 respexisse.
639 3356 684 3406 sed
698 3358 729 3418 cf.
746 3356 913 3407 Froelaliokius
931 3364 994 3405 nunt.
1013 3354 1078 3407 erud.
1097 3372 1186 3404 monuo.
1205 3353 1267 3403 XX
1272 3352 1395 3420 V(1847)

375 3442 457 3505 1006,
470 3443 513 3506 qui
523 3441 693 3491 denwustreuit
702 3439 794 3489 Isidori
803 3444 878 3491 uerba
886 3439 921 3489 ad
927 3437 1028 3503 Verqilii
1037 3438 1163 3503 qeorqieou
1173 3436 1207 3485 Π
1214 3438 1270 3489 395
1282 3447 1398 3502 spoewe·

375 3530 405 3593 of.
428 3530 498 3579 etiem
520 3526 622 3577 Seuius
643 3525 679 3575 ed
699 3525 723 3574 h.
746 3524 762 3577 Ι.
780 3535 804 3575 et
823 3524 966 3575 Leutschius
983 3532 1052 3573 'nunt
1076 3522 1142 3575 oud.
1163 3524 1261 3589 qottiuq.
1283 3524 1354 3575 1855
1368 3542 1396 3590 p.

375 3615 445 3664 1974
462 3624 485 3663 et
501 3612 550 3664 iud.
569 3613 619 3662 lect.
636 3610 730 3676 doopet.
748 3628 773 3661 o.
791 3610 864 3661 1865
878 3627 906 3674 p.
927 3608 943 3659 8
1033 3610 1051 3660 4
1068 3626 1084 3658 e
1101 3616 1126 3659 te
1145 3606 1222 3663 Vos:
1238 3615 1296 3661 actu
1313 3608 1399 3661 attiae

374 3700 485 3750 a.1515
503 3715 532 3748 uo
549 3705 577 3747 tu
585 3695 682 3747 Vossius
694 3694 796 3747 Pettius
815 3695 865 3747 leot.
880 3694 918 3746 59
937 3700 1004 3744 tectu
1020 3692 1142 3744 Turnebus
1160 3693 1215 3745 edu.
1232 3692 1359 3745 XXIIII
1365 3695 1399 3747 18

376 3793 448 3834 aestu
476 3782 605 3833 Romlerus
631 3784 695 3834 adeo
720 3780 836 3832 Haudiue
861 3782 911 3830 obs.
939 3780 972 3831 87
998 3780 1131 3831 Mirifioest
1156 3782 1207 3833 Ate
1234 3765 1399 3855 (ε’Ἂτῃ)

377 3868 500 3932 Haupto‘us
518 3886 556 3932 qu.
575 3867 610 3918 94
627 3868 732 3918 Mirifice
751 3875 790 3917 est
809 3874 864 3917 estu
877 3862 990 3915 Muretus
1007 3864 1115 3916 Mirifioo
1133 3873 1172 3917 est
1188 3866 1241 3917 feto
1255 3864 1398 3916 GHerman·

373 3969 422 4020 *eus
440 3970 496 4002 eun.
513 3952 584 4005 latu.
604 3950 838 4003 1121113131'1mt
857 3949 934 4017 (Hp.)
952 3950 1059 4002 Mirifice
1072 3959 1118 4008 est,
1138 3951 1196 4000 Atei
1206 3949 1320 4015 Heysius‚
1338 3947 1402 4014 quod

379 4040 411 4087 ab
428 4037 518 4089 Ateius
536 4038 610 4088 duxit.
645 4055 687 4103 eqo
709 4056 800 4103 quoque
816 4054 898 4088 nomeu
914 4037 1037 4101 proprium
1054 4036 1079 4084 iu
1096 4052 1112 4084 e
1129 4042 1155 4084 te
1173 4034 1249 4084 latere
1262 4043 1329 4099 puto,
1358 4031 1403 4083 sed

379 4123 461 4172 metm
478 4124 538 4173 stoi
556 4123 651 4187 (seui)
670 4125 701 4173 ab
719 4123 793 4173 Asius
810 4123 920 4191 (Ateius)
938 4120 1038 4171 ductum.
1056 4119 1085 4185 cf.
1106 4116 1227 4170 xxffl1
1312 4117 1401 4176 olam

380 4206 495 4259 Haustus
513 4209 562 4260 obs.
582 4206 616 4260 87
