3542 5167
833 711 1079 777 mour-ta

868 993 1044 1059 XXXXII

512 1115 641 1222 Adeste,
664 1143 942 1229 hendecasyllabi,
965 1155 1046 1228 'quot
1065 1149 1146 1211 estis

508 1285 621 1328 omnes
645 1264 799 1346 undique,
823 1272 983 1346 quotquot
996 1256 1082 1330 ⁵estis
1105 1279 1227 1331 omues.

507 1381 616 1444 iocum
637 1402 691 1444 me
712 1387 807 1463 putat
828 1395 900 1445 esse
921 1382 1058 1447 moecha
1078 1379 1185 1465 turpis

506 1509 540 1564 et
561 1509 661 1584 negat
682 1501 764 1564 mihi
787 1509 898 1566 uestra
918 1500 1122 1566 reddituram

462 1620 482 1683 5
504 1619 691 1701 pugillaria,
714 1620 743 1683 si
764 1620 833 1701 pati
855 1612 1003 1702 potestis.

504 1757 740 1820 persequamur
762 1758 844 1813 eam,
868 1746 901 1801 et
923 1738 1153 1821 reflagitemus.

505 1876 588 1936 quae
611 1856 655 1919 sit
676 1855 841 1937 quaeritis.
862 1855 925 1918 illo
947 1875 1047 1936 quam
1070 1847 1190 1919 uidetis

503 1981 598 2055 turpe
620 1973 779 2050 insedere,
802 1975 935 2037 mimice
958 1986 995 2038 ae
1017 1975 1155 2038 moleste

503 2090 664 2156 ridentem
688 2093 787 2158 catuli
809 2114 864 2158 ore
885 2094 1051 2177 gallicani.

439 2206 481 2273 10
502 2210 736 2275 oireumsistite
758 2232 841 2289 eam,
864 2220 898 2277 et
922 2214 1115 2296 reflagitate,

502 2329 651 2393 ‘moecha
672 2330 797 2412 putida,
819 2330 919 2395 redde
942 2329 1118 2407 oodieillos,

501 2445 609 2523 redde,
634 2446 749 2530 putida
769 2449 915 2528 moecha,
939 2448 1123 2514 oodieillos!

500 2585 567 2629 non
589 2567 672 2632 assis
693 2568 795 2633 faois?
820 2562 979 2646 elutum,
1003 2568 1150 2650 lupanar,

504 2751 630 2804 XXXXII
649 2754 664 2803 7
683 2754 749 2804 illam
774 2762 786 2809 ΙΙ
810 2755 955 2805 Smirmiee
979 2763 992 2812 ΙΙ
1015 2754 1136 2805 9oatulli
1160 2763 1172 2810 ΙΙ

437 2878 475 2942 (=
489 2874 621 2939 speculum)
641 2865 684 2949 βω
696 2891 786 2939 rogare
800 2875 828 2936 Q.
847 2892 868 2924 s.
886 2873 950 2923 solet
967 2872 1029 2922 haee
1046 2872 1128 2940 imago
1146 2873 1245 2950 (inepto
1267 2870 1390 2937 Clumper)
1409 2888 1452 2921 na-

436 2978 491 3012 sum
512 2958 634 3010 Turnebus
651 2958 707 3009 adu.
726 2957 822 3009 XIIII
839 2959 855 3008 8
876 2955 985 3022 Clamper
1002 2955 1099 3007 miscell.
1113 2949 1200 3021 philol.
1218 2967 1241 3007 et
1253 2956 1326 3038 paegl.
1345 2955 1379 3007 11
1393 2957 1453 3007 149.

435 3059 529 3094 carmen
546 3043 590 3093 boc
607 3044 632 3092 in
641 3044 695 3106 fine
712 3042 816 3091 mutilum
834 3058 885 3091 esse
903 3049 980 3090 eensst
993 3048 1051 3103 port
1066 3040 1129 3090 alios
1146 3039 1258 3107 Sillz'9ius

502 3144 627 3195 xxxxss
651 3144 668 3193 4
690 3151 776 3195 uestra
805 3139 863 3195 Vm:
886 3151 970 3193 nestra
994 3133 1037 3218 βω
1054 3141 1100 3192 Lm
1205 3144 1221 3192 ὃ
1243 3142 1396 3209 Pugillaria:
1423 3143 1453 3207 cs.

438 3228 545 3280 clareii
566 3238 612 3279 art.
635 3246 673 3294 pr.
695 3228 712 3277 I
735 3226 811 3278 751>
829 3228 878 3289 97,
901 3228 937 3278 10
958 3228 989 3277 Κ
1012 3226 1070 3279 ‘hos
1092 3226 1242 3294 pugillares’
1270 3236 1296 3277 et
1318 3225 1455 3277 masculine·

434 3330 529 3382 genere
546 3322 573 3365 et
590 3330 690 3380 semper
709 3313 841 3379 pluraliter
861 3313 944 3373 dieas,
969 3314 1034 3365 sieut
1056 3314 1084 3377 (l
1102 3329 1135 3361 aa
1152 3311 1216 3363 sieut
1233 3311 1282 3377 ait)
1304 3310 1405 3361 Asinius
1426 3311 1451 3361 in

433 3398 561 3449 Valerium
580 3399 645 3463 (inm
663 3398 754 3447 amissa
771 3398 796 3447 in
813 3398 919 3467 codice),
941 3400 1000 3465 quia
1017 3398 1127 3466 pugillus
1150 3406 1189 3447 est
1206 3397 1249 3462 qui
1266 3397 1352 3462 plures
1368 3396 1450 3447 tabel-

432 3483 470 3535 las
489 3484 600 3535 eontinet
622 3484 646 3533 in
670 3484 759 3534 seriam
782 3492 858 3534 sutas.
879 3492 1005 3535 attamen
1024 3481 1257 3548 ‘hueopugillsriu'
1276 3482 1375 3547 saepius
1388 3499 1450 3531 neu-

433 3570 531 3619 traliter
549 3569 611 3618 dicit
628 3569 693 3617 idem
711 3568 822 3618 Catullus
840 3570 864 3619 in
883 3568 1109 3637 hendecasyllabis.
1127 3569 1201 3616 uerba
1218 3564 1308 3615 catalla·
1325 3567 1355 3615 Et
1373 3575 1451 3633 negat

432 3652 494 3702 mihi
511 3659 596 3702 nostra
613 3652 682 3714 (sic)
701 3651 855 3701 redditurum
874 3653 939 3717 (sio)
952 3654 1096 3719 Pugillarin,
1115 3652 1136 3701 si
1153 3651 1205 3717 pati
1223 3650 1328 3716 potestis
1351 3653 1382 3699 ab
1400 3651 1449 3700 adi-

432 3735 521 3786 toribus
545 3734 706 3798 superioribus
728 3735 807 3783 uerbo
832 3733 939 3786 Cbarsbii
965 3738 1055 3786 inserta
1076 3753 1126 3785 cum
1152 3736 1178 3784 in
1200 3733 1277 3783 codiee
1298 3751 1343 3783 non
1366 3746 1455 3797 extent,-

431 3818 529 3871 Keilius
546 3827 607 3868 roete
624 3817 708 3866 orauit.
727 3816 770 3879 (de
789 3818 838 3867 loco
860 3818 968 3870 Charisii
984 3822 1014 3884 ff.
1033 3820 1186 3883 MHauptius
1208 3816 1256 3867 ind.
1282 3817 1332 3869 leot.
1352 3820 1448 3871 berols'n.

430 3906 513 3957 notia
532 3922 556 3954 a.
569 3902 639 3953 1855
649 3918 675 3967 p.
685 3902 702 3951 4
714 3910 736 3950 et
747 3899 774 3948 F
774 3899 885 3951 Ossaeus
898 3913 1045 3954 commentar.
1059 3920 1115 3953 sem.
1126 3903 1228 3967 prosens-
1245 3900 1278 3952 ll
1295 3900 1329 3954 15
1350 3914 1372 3954 el
1385 3919 1449 3964 areae

430 4000 520 4055 quaest
538 3987 619 4038 oamll.
638 3985 721 4050 124)
822 3985 839 4035 5
857 3987 893 4037 sio
911 3987 962 4053 pati
979 3989 1100 4054 potastis?
1118 3986 1243 4053 Melsoqer
1261 3990 1320 4054 spic.
1334 3989 1369 4041 21

429 4075 564 4125 &mimice
587 4072 708 4123 Ibrnebus
730 4070 797 4136 apud
820 4070 972 4121 PPitboeum
993 4072 1089 4124 adama
1115 4076 1204 4123 sabaeo.
1226 4070 1292 4124 117
1315 4076 1361 4140 (uf.
1383 4073 1446 4125 Gra·

431 4158 476 4206 ml
492 4159 564 4223 lusup.
576 4157 612 4208 II
628 4158 697 4223 765)
717 4165 740 4207 ei
750 4157 775 4205 ia
786 4156 911 4206 aduersor.
926 4154 1035 4207 XVIII
1042 4159 1087 4208 15:
1107 4158 1246 4225 rhythmioe
1263 4156 1374 4223 Souliqer

432 4239 464 4290 lo
481 4257 496 4290 o
513 4242 604 4301 lutum,
627 4259 641 4292 o
658 4242 764 4308 lupanar
779 4240 819 4290 uel
835 4258 850 4292 o
867 4240 945 4291 lutum
963 4241 1076 4308 luparum
1089 4241 1184 4307 Statius
1201 4258 1217 4294 o
1234 4242 1324 4293 blitum
1337 4242 1387 4304 (o)
1404 4239 1443 4287 lu·
