3542 5167
786 855 856 937 ΠΗ,

381 1010 544 1109 phaselus
565 1041 624 1107 ille
647 1060 747 1124 quem
769 1010 899 1118 uidetis,
922 1038 1078 1123 hospites,

380 1164 430 1229 ait
450 1162 560 1228 fuisse
575 1160 713 1226 nauium
736 1159 929 1227 celerrimus

382 1302 489 1366 neque
511 1281 614 1347 allius
635 1281 781 1347 natantis
802 1280 964 1364 impetum
986 1279 1089 1344 trabis

380 1402 534 1485 nequisse
555 1401 743 1484 praeterire,
766 1400 837 1466 siae
859 1399 1018 1483 palmulis

338 1522 359 1586 5
382 1542 465 1605 opus
487 1521 570 1586 foret
592 1521 705 1587 uolare
727 1520 797 1586 siue
819 1519 932 1586 linteo.

382 1647 415 1707 et
435 1641 498 1707 hoo
520 1647 620 1726 negat
641 1641 781 1707 minaeis
802 1639 966 1705 Adriatioi

383 1780 503 1845 negare
525 1760 605 1826 litus
627 1760 798 1826 insuiasue
821 1757 985 1843 Oyoladas

384 1878 607 1960 Rhodumque
628 1878 774 1943 nobilem
795 1875 1028 1958 horridamque
1048 1873 1209 1938 thraciam

383 1996 589 2084 Propontida
610 2002 779 2062 truoemue
799 1996 968 2081 pontioum
990 1994 1110 2071 sinum,

320 2115 362 2183 10
384 2091 443 2183 ubi
463 2118 525 2182 iste
547 2121 620 2203 post
642 2116 796 2199 phaselus
818 2120 915 2182 autea
935 2114 999 2181 fuit

388 2320 439 2373 1111
466 2320 505 2373 De
521 2320 635 2388 phasello
664 2331 677 2380 ιι
711 2320 791 2373 1.10.
818 2320 849 2373 15
866 2319 1000 2373 Phasellus
1029 2325 1041 2374 ll
1070 2317 1087 2370 2
1109 2317 1189 2369 Aiunt
1217 2323 1230 2374 ιι
1259 2313 1340 2366 eeler-

321 2406 411 2459 rimum
438 2416 451 2466 ιι
481 2407 587 2459 billius
616 2417 629 2466 ιι
658 2406 780 2475 impetum
803 2406 883 2459 tardis
916 2414 928 2463 [Ι
963 2404 1090 2472 4Neque
1112 2420 1168 2457 esse
1196 2412 1208 2461 li
1239 2403 1292 2454 sino
1322 2407 1335 2457 ΙΙ

320 2492 409 2545 tsine
432 2500 445 2550 ιι
468 2491 610 2545 tmmaei
634 2502 647 2551 ιι
672 2493 811 2545 &arsetam
834 2503 847 2552 ιι

323 2678 342 2730 2
364 2679 456 2732 Amisit
477 2680 547 2732 lusus
569 2679 720 2746 deliciasque
741 2696 811 2742 suas,
838 2677 896 2730 Nou
917 2677 1004 2744 quales
1028 2677 1112 2729 teneri
1132 2675 1242 2744 plorsuit
1264 2676 1342 2727 smioa

324 2764 419 2817 Catulli
436 2765 529 2817 Lesbia
546 2763 664 2830 nequitiis
681 2764 791 2830 passeris
809 2764 871 2815 orba
887 2762 927 2814 sui
945 2761 990 2829 (of.
1007 2763 1027 2813 Ι
1041 2763 1095 2814 169
1112 2768 1127 2814 1
1149 2762 1204 2815 Issa
1226 2768 1266 2814 est
1283 2779 1341 2828 pas·

324 2865 381 2901 sere
398 2849 502 2916 nequior
520 2848 626 2915 Catulli)
649 2858 672 2899 et
689 2846 765 2901 Xllll
786 2847 819 2899 77
842 2846 940 2900 ‘Cosso
961 2848 1072 2899 eborea':
1093 2847 1122 2899 Si
1144 2847 1192 2900 tibi
1213 2847 1272 2899 talis
1295 2847 1343 2897 erit

324 2933 424 3001 qualem
442 2933 535 2987 dilecta
552 2933 650 2987 Catullo
668 2933 762 2985 Lesbia
778 2933 906 3001 plorabat,
928 2934 969 2986 hio
989 2935 1105 2987 habitare
1128 2941 1211 3003 potest
1233 2944 1256 2984 et
1272 2933 1342 2986 que-

324 3019 389 3071 nalis
405 3029 453 3071 aut
473 3019 491 3071 6
510 3019 526 3069 7
542 3021 605 3070 haut
622 3018 709 3071 similis
726 3019 781 3082 tibi,
795 3018 911 3087 Cynthia,
929 3036 976 3072 neo
994 3020 1040 3073 tibi
1057 3020 1127 3073 ouius
1143 3019 1265 3073 hortauit
1282 3019 1343 3073 uiti·

324 3105 370 3158 dos
382 3105 505 3158 extinctus
517 3121 606 3173 passer
618 3104 710 3158 ooellos
775 3104 806 3157 17
823 3123 881 3157 mea
898 3106 971 3160 schol.
984 3107 1019 3158 od
1028 3107 1083 3162 Iao.
1099 3107 1116 3158 6
1130 3107 1146 3159 8
1159 3125 1185 3173 p.
1196 3106 1251 3158 598
1263 3102 1343 3156 Oram.
1397 3164 1400 3170 ,

394 3192 444 3244 1111
463 3194 475 3244 l
494 3192 563 3245 Ante
579 3210 640 3261 ergo
658 3209 759 3245 uersum
775 3192 903 3245 oolloeabo
920 3194 1053 3247 iambioum
1065 3193 1201 3246 ‘Phasolus
1212 3222 1246 3231 -
1256 3192 1343 3260 hospi·

324 3278 376 3331 tes’
390 3271 533 3331 'Terentina
544 3277 630 3331 Maur.
642 3279 718 3331 2276
730 3279 871 3347 exemplum
889 3296 948 3348 ergo
966 3280 1073 3333 trimetri
1091 3280 1192 3335 iambici
1203 3280 1252 3332 erit
1265 3285 1273 3310 ¹
1277 3278 1346 3329 Pha·

325 3362 393 3416 selua
415 3364 459 3417 ille
482 3383 506 3433 q·
528 3382 554 3417 ιι.
576 3363 614 3416 h.’
631 3363 701 3419 Mor.
727 3364 815 3418 Victor.
832 3366 908 3418 2572
925 3366 1015 3418 P170
1035 3366 1123 3434 quq.
1148 3363 1277 3435 ‘phaselo’
1300 3380 1349 3431 ge·

326 3465 373 3502 nus
390 3452 470 3515 nauis,
488 3458 517 3503 ut
534 3450 571 3503 aii
589 3450 703 3504 Catullus
722 3452 844 3519 (Plautus
857 3453 938 3520 codd.)
957 3453 1093 3507 ‘Phaselus
1110 3453 1154 3507 ille
1172 3482 1205 3495 —-
1222 3452 1349 3519 hospites’

326 3533 399 3585 schol.
417 3535 453 3586 ad
468 3535 565 3588 Luem
580 3536 671 3590 Plora.
696 3536 782 3590 Vols
794 3557 823 3604 p.
835 3539 891 3590 389
909 3537 974 3591 Web.
991 3557 1073 3607 nequo
1085 3540 1216 3609 quisquam
1233 3554 1350 3606 umquam

327 3633 428 3670 uersum
446 3636 503 3672 esse
521 3621 646 3674 dubitauit
658 3621 794 3675 ‘Phaselus
811 3624 854 3676 ille
867 3653 898 3661 -
911 3624 1036 3692 hospites'
1048 3625 1196 3692 Aequaliter
1208 3625 1236 3675 de
1247 3643 1305 3676 mua.
1329 3623 1354 3673 V

327 3704 345 3754 4
362 3705 381 3754 5
395 3721 423 3769 p.
434 3703 503 3754 1149
519 3703 612 3769 M'pnii
629 3705 706 3756 etiam
722 3693 799 3758 istum
816 3723 917 3759 uersum
936 3709 1026 3760 metire
1048 3710 1070 3760 si
1093 3710 1177 3775 plaoat
1193 3714 1221 3760 et
1236 3707 1298 3757 mihi
1316 3705 1348 3757 de

326 3786 445 3839 membris
467 3788 522 3840 eius
539 3788 696 3857 pedibusque
718 3790 841 3857 responde
860 3791 994 3844 ‘Phaselus
1017 3792 1060 3844 illa
1083 3820 1117 3829 -
1137 3792 1266 3859 hospites'
1292 3790 1349 3841 Vs

328 3871 360 3923 11
372 3889 399 3938 p.
413 3871 482 3925 1152
498 3874 534 3925 lat
551 3872 690 3926 ‘Phaselus
709 3902 740 3911 —
757 3875 885 3943 hospites’
903 3876 1010 3944 primum
1027 3877 1166 3928 membrum
1176 3877 1255 3929 habet
1267 3882 1275 3907 ¹
1280 3875 1352 3928 Pha·

329 3958 397 4011 selus
414 3958 470 4011 ille'
487 3959 513 4011 in
531 3958 700 4027 semipedibus
718 3957 835 4027 quinque,
854 3962 992 4013 seeundum
1008 3961 1036 4013 in
1047 3968 1144 4030 septem
1157 3968 1244 4031 ‘quem
1255 3959 1348 4015 uidetis
1368 3963 1371 3968 ’

328 4042 453 4111 hospites'
480 4044 507 4095 V
521 4045 537 4096 8
554 4044 590 4097 16
609 4062 637 4111 p.
649 4045 718 4096 1155
746 4045 871 4099 trimetros
898 4046 1016 4099 iambicus
1042 4048 1122 4101 latine
1148 4048 1260 4101 senarius
1287 4049 1349 4102 dioi-

330 4133 384 4181 tur:
403 4129 472 4183 ouius
489 4131 631 4199 exemplum
651 4130 787 4184 ‘Phaselus
798 4132 848 4184 iste
864 4133 917 4198 (aio
929 4133 966 4185 lie
977 4134 1056 4203 solua)
1075 4154 1099 4204 q.
1111 4154 1137 4189 u.
1149 4135 1188 4189 h.'
1210 4136 1351 4189 Gesonae

330 4208 360 4259 de
376 4222 442 4267 ιιιειν.
459 4213 536 4268 2126
548 4217 620 4271 1³94
638 4216 712 4271 Iota
729 4234 753 4273 ιι.
769 4217 839 4271 etam
857 4218 986 4285 perediam
1003 4221 1064 4276 iuter
1081 4221 1199 4330 colgloeta
1215 4215 1360 4289 muitum
