3542 5167
741 691 936 748 111111-27

391 885 519 945 comata
540 880 645 945 silua:
669 900 747 944 nam
770 881 895 965 cytorio
916 882 949 944 in
973 881 1050 963 iugo

390 1000 545 1083 loquente
567 1020 664 1081 saepe
686 999 821 1063 sibilum
843 998 947 1064 edidit
969 1020 1069 1065 coma.

391 1120 541 1185 Amastri
561 1118 693 1201 pontica
715 1124 749 1183 et
770 1116 888 1202 Oytore
910 1118 1048 1195 buxifer,

390 1239 454 1303 tibi
475 1239 556 1303 haec
578 1237 681 1301 fuisse
703 1246 736 1302 et
757 1257 829 1302 csse
851 1238 1075 1320 cognitissima

330 1358 370 1422 15
393 1358 441 1422 ait
461 1356 636 1439 phaselus:
659 1356 780 1419 ultima
801 1376 843 1420 ex
865 1356 990 1439 origine

392 1486 448 1540 tuo
471 1475 601 1540 stetisse
624 1473 704 1539 dicit
726 1477 760 1538 in
783 1476 962 1551 cacumine,

392 1603 447 1659 tuo
470 1594 631 1659 imbuisse
652 1593 818 1676 palmulas
839 1594 874 1656 in
897 1614 1045 1676 aequore,

393 1721 427 1779 ct
447 1714 524 1778 inde
545 1719 596 1778 tot
616 1734 675 1796 per
696 1713 892 1795 impotentia
913 1714 997 1778 freta

393 1833 512 1898 herum
533 1832 659 1911 tulisse,
681 1831 778 1898 laeua
800 1832 871 1897 siue
894 1832 1029 1897 dextera

329 1951 371 2015 20
394 1962 523 2017 uocaret
544 1972 633 2030 aura,
655 1952 726 2016 siue
748 1957 914 2034 utrunque
936 1952 1084 2037 Iuppiter

394 2070 494 2135 simul
516 2069 681 2136 secundus
702 2071 872 2136 incidisset
893 2071 928 2134 in
950 2069 1087 2153 pedem:

393 2210 498 2272 neque
520 2191 590 2255 ulla
611 2200 689 2255 uota
709 2189 896 2255 litoralibus
917 2189 981 2254 diis

394 2308 458 2373 sibi
481 2329 551 2373 esse
573 2309 668 2385 facta,
692 2328 767 2373 cum
789 2310 918 2373 ueniret
939 2330 959 2372 a
980 2312 1086 2372 marei

395 2428 573 2492 nouissimo
597 2427 686 2493 hunc
708 2426 876 2508 adusque
898 2426 1070 2508 limpidum
1096 2425 1213 2491 lacum.

332 2545 374 2609 25
396 2546 454 2611 sed
477 2546 559 2611 hacc
579 2546 672 2629 prius
694 2547 804 2611 fuere:
827 2566 917 2609 nunc
940 2546 1108 2610 recondita

396 2672 489 2729 senet
509 2665 619 2746 quiete
641 2685 740 2747 seque
762 2664 892 2730 dedicat
913 2664 983 2743 tibi,

395 2783 534 2866 gemelle
557 2783 676 2850 Oastor
698 2792 732 2849 et
752 2784 893 2868 gemelle
916 2782 1071 2850 Castoris.

333 3040 362 3090 ll
383 3039 485 3090 citecrio
510 3047 522 3095 ΙΙ
550 3039 581 3089 13
597 3040 689 3091 citheri
713 3049 725 3097 ΙΙ
752 3041 782 3091 14
800 3035 976 3107 cognotissima
999 3048 1012 3096 Η
1038 3038 1068 3089 17
1088 3039 1154 3090 Tuas
1172 3049 1183 3095 ΙΙ
1203 3040 1237 3090 20
1254 3042 1351 3093 Vocare

331 3142 391 3175 cura
415 3133 427 3181 ΙΙ
452 3124 486 3175 23
504 3133 600 3175 amaret
624 3134 636 3182 ΙΙ
659 3125 694 3175 24
710 3125 852 3177 Nouissime
876 3134 889 3182 ΙΙ
913 3125 946 3175 27
965 3122 1068 3191 Castor]
1087 3136 1195 3176 castrum

329 3294 376 3342 per
394 3287 464 3328 totum
482 3277 525 3327 boc
541 3294 636 3327 carmen
652 3276 831 3343 conparandam
848 3278 964 3328 ‘Sabinus
976 3277 1020 3330 ille
1032 3294 1106 3343 quem
1118 3265 1211 3328 uidetis
1224 3277 1352 3344 hoapitss'.

332 3361 430 3426 denique
448 3363 478 3426 cs.
501 3360 637 3412 Terentiani
653 3360 742 3412 Mauri
757 3372 779 3411 et
796 3360 878 3411 Marii
896 3362 1012 3411 Wetorini
1029 3362 1091 3411 locos
1110 3362 1194 3424 quitus
1211 3378 1294 3410 uerene
1311 3380 1352 3411 ca-

333 3448 431 3498 miliani
446 3447 539 3497 auxilio
556 3465 639 3497 cocus
657 3464 729 3496 nouos
747 3447 797 3512 ipsi
804 3448 932 3509 flectetant
998 3446 1014 3495 3
1032 3446 1139 3496 uolantis
1157 3446 1275 3509 impetum
1286 3445 1354 3496 alitis

334 3524 377 3609 βο)
463 3533 479 3582 8
497 3533 645 3583 Rhodnmuc
663 3560 694 3569 —-
713 3531 871 3581 horridamuo
882 3513 914 3583 μω
994 3531 1026 3581 lb
1041 3539 1099 3595 post
1115 3530 1220 3597 origine,
1239 3547 1285 3579 nou
1298 3540 1356 3595 poet

333 3616 450 3682 phaselus
459 3616 555 3680 plenius
567 3617 712 3681 interpunxit
722 3616 835 3666 Klotziue
847 3615 934 3667 emend.
944 3634 971 3681 p.
982 3614 1046 3664 ΠΗ
1109 3615 1144 3667 20
1153 3616 1265 3681 Vagaret
1273 3615 1354 3667 Laod-

335 3719 434 3751 mannus
442 3701 478 3751 ed
484 3701 620 3753 Lucretium
626 3720 651 3767 p.
658 3702 708 3753 178
717 3706 775 3767 (rec.
781 3701 923 3767 Hauptiuc).
932 3700 976 3752 sed
983 3720 1006 3753 u.
1016 3701 1138 3752 Klotzium
1148 3700 1233 3753 emend.
1240 3718 1267 3766 p.
1275 3700 1357 3751 VIIII

336 3794 358 3835 et
374 3785 506 3852 Berytium
528 3805 582 3837 nnn.
605 3805 658 3837 nou.
681 3785 752 3837 Iubae.
770 3785 932 3836 LXXXIII
949 3786 1004 3837 629
1072 3787 1106 3837 22
1124 3787 1177 3838 deis
1192 3804 1217 3840 ω
1235 3787 1282 3836 Ian

335 3870 369 3919 23
390 3889 406 3921 a
427 3872 506 3922 marei
523 3874 569 3937 (ox
590 3879 686 3922 amaret
711 3870 745 3938 V)
763 3871 823 3921 Lau:
843 3890 859 3922 a
876 3888 945 3923 mare
961 3865 1004 3949 βω
1098 3872 1132 3921 24
1151 3871 1292 3921 Nouissime
1311 3863 1354 3945 βω

337 3953 382 4021 (os.
408 3955 504 4005 Klotzii
530 3956 616 4007 emend.
644 3956 676 4005 X
682 3958 710 4021 ).·
744 3956 886 4007 Nouissime
915 3956 979 4010 Vc>
996 3957 1043 4007 Lm
1172 3953 1280 4003 25-27
1298 3970 1354 4003 nem

335 4056 439 4091 ”nosco
457 4047 484 4090 et
501 4057 578 4092 senec
595 4042 663 4107 apud
680 4041 795 4107 antiquos
813 4040 953 4093 dicebatur:
972 4042 1040 4092 unde
1058 4049 1085 4089 et
1097 4037 1208 4089 Catullus
1227 4041 1299 4088 ‘nunc
1311 4055 1353 4089 re·

336 4126 438 4175 condita
455 4154 487 4161 —
505 4124 630 4176 Castoris'
648 4124 776 4175 Diomedes
795 4135 842 4175 art.
859 4144 898 4191 qr.
915 4125 934 4173 Ι
947 4126 1003 4175 335
1021 4124 1049 4172 P
1063 4124 1125 4184 344,
1147 4122 1164 4172 6
1181 4122 1248 4173 Keit
1267 4123 1354 4175 eatul-

335 4207 375 4260 lua
393 4207 457 4259 ‘Sed
474 4210 537 4260 haee
550 4248 575 4262 ..
594 4209 678 4276 (prius
695 4226 731 4257 om
750 4210 818 4277 libri)
836 4211 962 4261 sueretu.
975 4226 995 4258 r.
1007 4225 1028 4258 s.
1046 4206 1143 4273 quietc’
1162 4207 1284 4258 Risct'on.
1301 4207 1356 4260 inst.

1135 4310 1152 4363 2
