3542 5167
284 3093 308 3120 *l

742 700 991 754 xnro-xffle

356 887 397 951 10
420 908 520 969 quare
543 893 600 952 aut
621 884 917 970 hendecasyllabos
947 895 1109 953 trecentos

421 1013 557 1087 expecta
578 1013 636 1070 aut
657 1005 742 1069 mihi
771 1006 911 1070 linteum
932 1008 1073 1084 remitte,

418 1122 504 1205 quod
527 1144 580 1187 mo
601 1144 667 1187 non
688 1130 801 1188 mouet
823 1126 1062 1195 aestimatione:

419 1264 536 1308 uerum
559 1253 609 1307 est
631 1264 885 1328 mnemosynum
912 1246 978 1308 moi
1000 1246 1131 1310 sodalis.

418 1384 496 1426 nam
518 1362 650 1427 sudaria
672 1361 804 1427 saetaba
826 1384 867 1426 ex
891 1362 1045 1427 Hibernis
1114 1415 1119 1421 .

354 1482 580 1550 lbmiserunt
601 1481 684 1545 mihi
712 1482 837 1545 muneri
859 1481 1021 1545 Fabullus

418 1608 461 1676 et„
472 1600 649 1664 Veranius:
673 1599 752 1663 hmo
775 1619 883 1663 amem
907 1621 1040 1665 neccsse
1062 1609 1112 1664 est

408 1681 466 1796 fist*
468 1718 694 1782 'Veraniolum
720 1728 887 1782 meumst
911 1718 1100 1782 Fabullum.

242 1837 415 2120 Q
817 1938 907 2003 xm

418 2093 559 2190 Cenabis
584 2126 673 2200 bene,
696 2127 742 2188 mi
765 2125 916 2203 Fabulle,
946 2124 1032 2207 apud
1055 2146 1108 2189 me

416 2245 539 2326 paucis,
561 2244 590 2307 si
613 2242 673 2307 tibi
696 2242 742 2307 dii
766 2244 888 2320 fauent,
913 2243 1037 2321 diebus,

415 2364 442 2426 si
465 2370 574 2426 tecum
598 2362 751 2427 attuleris
777 2359 896 2427 bonam
919 2370 1016 2443 atque
1039 2384 1194 2445 magnam

416 2502 539 2557 conam,
562 2502 628 2545 non
650 2481 721 2545 sino
743 2479 882 2544 candida
908 2480 1020 2562 puella

372 2602 392 2663 5
415 2609 449 2663 ot
471 2600 549 2663 uino
571 2606 604 2663 et
626 2599 696 2663 sale
718 2607 750 2662 et
773 2598 926 2663 omnibus
950 2598 1127 2663 cachinnis.

416 2720 495 2782 haec
518 2708 565 2794 si,¹
580 2721 727 2800 inquam,
750 2718 910 2794 attuleris,
934 2724 1074 2783 uenuste
1096 2724 1216 2793 noster,

350 2922 442 2973 falsum
465 2932 478 2979 lt
504 2921 535 2972 12
553 2921 714 2972 extimatione
743 2931 755 2978 ΙΙ
784 2922 897 2973 lssnemo
910 2923 989 2972 sinum
1014 2932 1026 2980 tt
1054 2923 1084 2972 14
1097 2921 1216 2973 exhibere
1240 2931 1252 2979 11
1279 2920 1373 2971 1511-

348 3008 412 3057 meri
435 3017 447 3063 ΙΙ
476 3004 505 3056 17
525 3007 558 3056 Et
581 3015 595 3062 11
617 3006 681 3056 XllI
699 3006 740 3056 Ad
757 3007 889 3057 Fabullum
914 3017 926 3063 ll
951 3005 1092 3073 6unquam

350 3124 408 3175 ital.
428 3124 465 3174 23
559 3124 590 3174 16
613 3124 755 3175 Verannius
773 3142 798 3178 (n
816 3128 862 3176 Lm
874 3127 904 3190 cf.
918 3126 953 3177 ad
971 3123 1060 3176 VIIII
1067 3127 1083 3176 1
1164 3127 1211 3177 hoc
1230 3118 1273 3204 βω

352 3207 383 3259 17
402 3210 436 3262 Et
464 3208 595 3259 VStatius
613 3225 638 3261 01
656 3209 703 3259 hoc
722 3214 759 3279 (z
778 3214 802 3262 in
820 3215 864 3275 eo)
882 3228 963 3261 amem
984 3227 1007 3260 n.
1027 3219 1066 3261 est
1084 3211 1117 3261 Et
1135 3211 1272 3261 Palmerins
1295 3208 1375 3273 spicil.

354 3293 423 3346 Grnt.
443 3295 530 3359 Lamp.
550 3297 596 3345 llll
613 3296 667 3347 802
686 3297 799 3347 Handius
827 3297 875 3346 obs.
897 3296 933 3346 58
958 3294 1064 3360 Heysius
1198 3294 1374 3346 Verenniolum

351 3396 376 3432 (υ
399 3379 452 3430 Lm.
528 3381 596 3429 luins
613 3384 725 3431 carminis
743 3400 825 3432 uerene
844 3391 958 3429 extremos
976 3379 1072 3428 Plinius
1090 3380 1143 3428 bist.
1162 3389 1211 3429 nat.
1225 3380 1307 3443 praef.
1331 3379 1371 3440 §1

351 3465 388 3514 bis
406 3466 511 3529 respexit
527 3467 618 3519 uerbis:
641 3473 760 3532 ‘namque
783 3475 810 3516 tu
829 3466 927 3516 solebas
944 3480 1014 3513 meas
1032 3480 1087 3513 esse
1106 3463 1199 3528 aliquid
1219 3471 1308 3529 putare
1326 3478 1373 3511 nn·

350 3549 408 3614 gas'
433 3557 460 3598 ut
482 3549 582 3600 obicere
606 3551 694 3601 moliar
712 3549 844 3611 Catullum,
863 3557 1052 3599 conterraneum
1075 3564 1157 3596 nreum
1181 3546 1326 3614 (adgnoscis
1348 3553 1375 3595 ct

348 3634 397 3683 hoc
417 3642 544 3683 cestrense
561 3635 695 3698 uerbuml:
715 3634 758 3684 ille
776 3634 854 3695 enim,
875 3632 983 3691 utatis,
1007 3632 1154 3697 permutatis
1172 3632 1296 3699 prioribus
1315 3646 1373 3682 sae·

350 3718 416 3768 tabis
435 3718 604 3769 duriusculum
622 3736 650 3770 se
668 3720 727 3770 fecit
744 3738 817 3785 quam
836 3718 938 3769 uolebat
956 3717 1101 3768 existumari
1124 3717 1297 3769 aVersniolis
1320 3716 1373 3767 suis

350 3810 376 3852 et
392 3802 513 3854 Fabullis.
538 3803 566 3851 de
585 3805 717 3868 ‘prioribus
734 3804 855 3855 eaetcbre'
878 3804 937 3853 dccc
955 3800 1068 3868 Silliptns
1091 3803 1126 3853 cd
1143 3802 1217 3853 locum
1234 3801 1314 3851 Plinii
1329 3798 1372 3849 ed·

348 3888 451 3937 notanit:
478 3887 577 3938 Allndit
598 3888 697 3939 Plinius
719 3892 751 3940 ad
770 3889 861 3941 Catulli
885 3906 985 3939 carmen
1003 3888 1064 3949 XII,
1087 3905 1136 3953 quo
1160 3895 1235 3952 poeta
1257 3883 1372 3933 Asinium

349 3999 382 4009 -
401 3986 429 4022 nt
446 3981 613 4037 correptorem
631 3973 701 4024 lintei
720 3975 815 4025 saetabi
834 3993 849 4024 a
868 3974 977 4024 Veranio
996 3981 1022 4023 et
1036 3971 1140 4021 Fabullo
1158 3970 1207 4019 sibi
1224 3968 1294 4017 missi
1312 3982 1370 4031 per-

350 4058 476 4122 sequitur,
499 4058 565 4123 quod
589 4059 683 4108 furtum
706 4077 811 4110 uocum
834 4059 909 4111 simili
931 4059 997 4110 furto
1022 4056 1129 4105 carmine
1147 4052 1221 4105 XXV
1244 4050 1370 4118 exagitato

348 4143 523 4205 confundatur,
542 4142 638 4193 Plinius
657 4144 807 4208 ‘prioribus'
830 4145 908 4195 addit.
933 4144 963 4207 cs.
985 4141 1056 4190 ctiam
1073 4137 1192 4186 FHcmdii
1208 4137 1371 4203 interpretatio

347 4225 394 4277 loci
407 4226 519 4294 pliniani
536 4226 561 4276 in
579 4225 627 4278 ind.
647 4225 697 4277 lect
716 4229 799 4281 amtiu
818 4230 904 4279 icrwns.
923 4243 947 4276 n.
965 4222 1033 4274 1851
1046 4222 1174 4287 proposita

1096 4322 1137 4375 3*
