3542 5167
678 722 811 774 uxxxxr
831 725 887 773 1-
898 719 1048 779 anxurus
1065 727 1082 777 2
1327 711 1389 774 153

786 909 976 975 LXXXXI

437 1029 510 1123 Non
533 1060 614 1137 ideo,
638 1059 738 1137 Gelli,
763 1064 937 1144 sperabam
960 1073 993 1127 to
1015 1065 1098 1128 mihi
1121 1065 1225 1130 fidum

478 1180 514 1241 in
536 1180 655 1244 misero
678 1180 739 1244 hoc
761 1190 881 1259 nostro,
907 1182 968 1246 hoo
990 1183 1117 1264 perdito
1140 1205 1249 1248 amore
1272 1185 1341 1248 fore

437 1297 522 1378 quod
545 1307 577 1361 to
600 1319 792 1381 cognossem
814 1300 898 1363 bene
920 1308 1168 1367 constantemue
1190 1312 1340 1383 putarem

479 1425 536 1479 out
557 1439 652 1499 posse
674 1441 696 1481 c
718 1420 806 1500 turpi
828 1429 974 1484 mentem
997 1422 1147 1485 inhibere
1168 1422 1298 1505 probro,

394 1537 414 1596 5
436 1536 493 1598 scd
506 1556 612 1617 neque
624 1536 711 1617 quod
723 1545 864 1601 matrem
877 1559 937 1602 nec
950 1561 1141 1621 germanam
1153 1561 1224 1604 esse
1235 1540 1389 1604 uidebam

482 1655 566 1718 hauc
588 1655 649 1718 tibi
671 1656 764 1719 cuius
788 1677 841 1719 me
863 1679 1005 1741 magnus
1027 1658 1144 1723 edebat
1165 1680 1266 1723 amor.

436 1783 470 1837 et
492 1774 645 1856 quamuis
668 1782 776 1839 tecum
797 1776 902 1840 multo
926 1778 1141 1859 coniungerer
1161 1799 1234 1854 usu,

479 1916 545 1957 non
568 1896 649 1959 satis
671 1894 706 1957 id
728 1916 844 1959 causae
867 1896 1069 1960 credideram
1092 1918 1162 1962 esse
1185 1898 1253 1961 tibi.

437 2020 473 2075 tu
496 2013 576 2077 sutis
598 2014 634 2076 id
655 2014 768 2078 duxti:
791 2022 923 2079 tantum
946 2016 1007 2079 tibi
1030 2016 1188 2099 gaudium
1211 2017 1243 2079 iu
1269 2017 1359 2079 omui

374 2133 414 2196 10
478 2134 574 2215 eulpa
595 2141 646 2197 est
666 2135 702 2197 iu
724 2155 919 2218 quacunque
941 2143 993 2199 est
1014 2136 1139 2218 aliquid
1162 2136 1302 2201 sceleris.

776 2391 983 2455 LXXXXII

437 2528 557 2623 ircsbiu
579 2560 626 2623 mi
648 2560 729 2623 dicit
750 2581 878 2642 semper
901 2561 987 2623 maie
1009 2578 1070 2623 uec
1093 2565 1178 2622 tacet
1199 2578 1347 2640 unquam

481 2679 520 2742 de
542 2700 612 2742 me:
635 2678 755 2742 Lesbia
777 2700 831 2742 mo
853 2678 1037 2761 dispeream
1061 2680 1125 2744 nisi
1148 2688 1245 2743 emet.

441 2882 576 2935 cxxxxr
593 2884 611 2934 4
627 2884 652 2949 a]
671 2891 715 2935 au
730 2884 742 2951 Η
757 2884 774 2935 a
791 2884 852 2936 saus
869 2883 967 2935 uuum
987 2883 999 2949 Η
1019 2880 1171 2937 uxxxxu
1189 2882 1218 2933 u
1236 2882 1355 2934 cesarem
1366 2882 1378 2948 n
1439 2848 1441 2852 ¹

372 2969 389 3019 2
407 2986 462 3019 amo

441 3118 580 3173 LXXXXI
597 3120 613 3170 2
631 3120 686 3181 hoc,
704 3120 810 3187 perdite,
828 3138 913 3171 amore
930 3121 984 3172 fore
1001 3118 1128 3185 Melcaper
1145 3119 1224 3185 spicil.
1243 3119 1280 3170 34
1374 3120 1391 3170 3

373 3206 565 3270 constanterque
585 3197 631 3281 (β)
651 3214 741 3272 putere
768 3205 933 3256 Froedlictius
959 3214 1150 3273 constanterque
1176 3212 1290 3272 putarem
1315 3204 1390 3256 Haud

365 3281 447 3356 ¹posse
465 3309 481 3340 a
496 3289 566 3357 turpi
585 3283 628 3366 βω
722 3288 809 3340 used
825 3291 892 3357 quod
910 3307 957 3341 nec
974 3308 999 3343 ω
1048 3327 1051 3332 -
1097 3290 1129 3340 10
1146 3290 1252 3357 culpest
1269 3290 1390 3354 antiquam
1450 3351 1453 3357 ι

373 3376 516 3441 scripturam
524 3375 607 3438 fcisse
625 3391 654 3423 ec
671 3372 758 3422 dotarii
774 3373 854 3439 Culpa
871 3381 898 3424 et
915 3374 1017 3439 conlepr't
1031 3372 1154 3437 Hauptius
1172 3391 1210 3436 qu.
1228 3373 1266 3422 32

441 3475 587 3528 LXXXXII
615 3474 652 3538 Cf
677 3473 753 3523 Genii
773 3491 796 3523 n.
813 3492 839 3523 a.
863 3473 918 3522 VII
937 3474 972 3524 16
994 3473 1013 3522 2
1035 3473 1097 3523 Cum
1119 3482 1188 3524 esset
1209 3474 1389 3544 uerbumv‘de-

373 3562 472 3629 precor’
495 3560 648 3611 doctiuscule
669 3558 778 3625 positum
800 3559 826 3610 iu
853 3558 946 3609 Catulli
973 3557 1095 3619 carmine,
1122 3558 1181 3624 quia
1203 3558 1229 3609 id
1251 3558 1390 3625 ignorabat,

373 3646 547 3713 frigidissimos
569 3661 658 3696 uersus
676 3662 732 3697 esse
750 3644 863 3707 dicebat,
885 3644 994 3695 omnium
1016 3643 1116 3711 quidem
1133 3644 1226 3695 iudicio
1243 3644 1390 3696 uenustissi-

374 3749 437 3793 mos‚
456 3749 518 3798 quos
536 3731 673 3798 subscripsi
691 3731 793 3783 ‘Lesbia
805 3760 835 3768 -
848 3748 965 3796 umquam
982 3729 1022 3781 De
1039 3747 1079 3781 me
1095 3759 1128 3769 -
1144 3738 1211 3781 amat
1228 3730 1284 3793 Quo
1300 3730 1390 3797 siguo?

374 3818 432 3881 quia
449 3818 527 3884 suu[t]
547 3818 651 3869 totidem
668 3816 758 3883 [m]ee:
777 3818 900 3883 deprecor
917 3816 985 3867 illem
1001 3815 1118 3879 Assidue,
1136 3833 1223 3867 uerum
1241 3815 1390 3881 dispeream,

373 3901 422 3950 nisi
440 3904 515 3955 amo’·
532 3902 678 3968 ‘Deprecor'
695 3902 743 3954 hoc
755 3902 781 3954 iu
792 3903 848 3954 loco
864 3902 906 3953 uir
923 3902 1003 3953 bonus
1021 3901 1056 3952 ita
1073 3917 1129 3951 esse
1141 3899 1235 3950 dietum
1246 3899 1352 3964 putebat
1363 3905 1391 3948 ut

374 3985 523 4051 plerumque
532 4006 547 4037 a
556 3986 632 4051 uulgo
643 3986 732 4038 dicitur
741 3998 783 4039 cet.
849 4004 933 4037 cesus
942 3987 958 4037 3
968 3995 990 4036 et
997 3986 1015 4035 4
1023 3986 1048 4034 in
1055 3984 1078 4034 V
1082 3992 1180 4048 propter
1189 3982 1274 4031 exitum
1282 3999 1391 4032 cucuron

375 4068 393 4117 2
410 4078 434 4119 et
451 4071 467 4119 4
485 4070 634 4131 sinrdlimum,
652 4070 697 4118 imo
710 4088 795 4135 parem
812 4071 911 4121 omissos
929 4088 958 4119 ex
977 4069 1055 4121 Gellio
1072 4067 1124 4117 add
1140 4060 1164 4140 β
1203 4068 1390 4131 quiuersusquo

373 4154 440 4203 modo
463 4155 488 4204 in
511 4154 579 4204 libris
603 4154 669 4204 bonis
690 4154 804 4219 pelliones
825 4155 912 4221 scripti
932 4156 980 4205 sint
1000 4171 1029 4203 ex
1051 4151 1154 4216 amplo
1176 4151 1308 4213 dertzt'ano,
1330 4151 1390 4202 unde

373 4257 449 4304 supro
466 4239 577 4304 compsi,
595 4238 620 4288 in
636 4238 769 4289 courum
782 4248 863 4304 potet.-
889 4239 981 4289 litterae
997 4237 1063 4287 uncis
1080 4235 1185 4287 inclusae
1202 4254 1219 4287 c
1237 4236 1303 4287 bonis
1322 4236 1389 4288 libris

1152 4338 1187 4389 20
