3542 5167
802 691 962 745 xib-31

440 879 482 945 ad
502 879 653 945 laatiaam
675 879 837 945 hominia?
859 900 930 965 ago,
952 886 990 945 ut
1008 878 1140 962 puellae

440 1021 545 1064 unum
567 1020 621 1064 ma
642 1000 784 1065 faceram
806 999 993 1077 beatiorem,

440 1117 525 1182 ‘non’
547 1119 684 1201 inquam
706 1118 799 1183 ‘mihi
820 1125 891 1183 tam
911 1118 975 1184 fuit
995 1117 1142 1202 maligna

438 1242 485 1313 ut,
506 1237 677 1319 prouincia
697 1237 784 1320 quod
806 1236 896 1301 mala
915 1236 1099 1315 incidisset,

373 1354 415 1419 20
436 1376 504 1419 non
526 1366 658 1437 possem
679 1363 751 1421 octo
774 1355 925 1421 homines
947 1377 1063 1439 parare
1085 1356 1249 1422 reatos!-

437 1481 472 1538 at
493 1477 541 1539 mi
562 1476 676 1541 nullus
699 1482 770 1540 arat
790 1496 891 1557 neque
913 1476 969 1540 hic
990 1496 1098 1559 noque
1120 1475 1198 1556 illio,

436 1594 577 1690 fractum
601 1595 678 1675 quei
700 1595 821 1659 ueteris
843 1594 963 1677 pedam
984 1595 1112 1679 grabati

436 1713 471 1776 in
493 1712 578 1778 oolla
601 1712 664 1778 sibi
687 1713 1032 1796 collocare·posset.-
1081 1733 1083 1737 “

436 1832 492 1897 hio
513 1833 581 1910 illa,
603 1841 643 1897 ut
664 1832 771 1897 decuit
792 1832 1021 1912 cinaedioram,

279 1967 282 1994 ³
372 1950 415 2016 25
438 1952 577 2033 ‘quaeso'
600 1951 709 2033 inquit
731 1952 835 2029 ‘mihi,
857 1953 906 2015 mi
928 1950 1068 2031 Catulle,
1091 1953 1228 2035 paulum

439 2071 535 2136 istos:
559 2069 765 2136 commodum
785 2072 871 2135 emim
893 2071 970 2136 uolo
992 2071 1033 2136 ad
1056 2068 1209 2154 Sarapim

438 2190 575 2255 deferri?
620 2188 730 2255 ‘mane’
753 2188 862 2273 inqbia'
882 2190 1022 2273 puellae,

438 2307 538 2373 ‘istud
560 2308 647 2390 quod
669 2308 766 2374 modo
789 2307 939 2414 dixaram
960 2329 1014 2372 ma
1036 2308 1166 2386 habore,

438 2427 524 2511 fugit
544 2448 598 2491 ma
619 2428 717 2493 ratio:
740 2449 834 2494 maus
857 2427 980 2495 sodalis
1059 2437 1064 2444 '

376 2545 419 2611 30
441 2546 547 2612 (limma
568 2555 619 2613 eat
640 2546 764 2614 Gaias:
786 2550 815 2613 is
838 2549 901 2614 sibi
922 2549 1062 2632 parauit.

439 2688 566 2744 uerum,
588 2673 703 2732 utrum
724 2667 818 2732 illius
840 2687 883 2731 an
905 2668 981 2746 mei,
1004 2668 1083 2750 quid
1105 2670 1148 2733 ad
1168 2667 1242 2732 ma?

374 2958 406 3023 21
430 2975 477 3010 nea
498 2959 540 3009 hie
563 2958 576 3006 ΙΙ
599 2958 633 3008 22
651 2976 700 3024 que
724 2959 736 3008 ΙΙ
759 2959 793 3009 24
817 2958 901 3010 docuit
924 2958 936 3007 ΙΙ
960 2958 994 3009 26
1016 2960 1143 3010 commoda
1166 2976 1224 3011 nam
1246 2960 1259 3008 ΙΙ
1282 2958 1316 3011 27
1339 2960 1393 3011 De-

374 3044 436 3095 sarri
452 3060 525 3094 mana
542 3060 582 3093 me
600 3043 682 3109 inquit
705 3044 717 3092 b
736 3043 770 3102 30
787 3044 866 3094 Cuma
889 3044 902 3092 ΙΙ
920 3043 1007 3110 grauia
1031 3044 1044 3092 ΙΙ
1063 3044 1094 3093 31
1114 3062 1129 3093 a
1146 3060 1186 3094 me

375 3197 479 3256 dicitur,
503 3211 563 3248 aare
580 3196 729 3263 aomparaati
754 3211 780 3248 ω
797 3194 911 3246 Handt'us
929 3198 979 3246 obs.
998 3195 1033 3246 49
1138 3195 1168 3245 16
1181 3196 1288 3246 hominia
1308 3195 1394 3244 VLm:

375 3282 489 3334 homines
512 3275 566 3359 βω
682 3280 712 3331 17
730 3281 872 3331 beatiorum
897 3297 922 3334 ω
1035 3280 1069 3330 22
1087 3280 1131 3346 qui
1155 3272 1206 3356 βω
1224 3279 1270 3329 Lm

374 3367 409 3419 26
426 3367 504 3418 latos:
526 3367 681 3419 commodum
703 3366 771 3418 anim
791 3365 906 3417 Haadius
929 3368 979 3417 obs.
1006 3366 1042 3416 54
1065 3363 1141 3415 Im*=
1169 3364 1233 3416 Istos
1251 3366 1393 3416 commoda:

374 3469 432 3504 nam
457 3452 517 3505 Vm
538 3452 585 3503 Lm
608 3451 650 3519 (de
676 3451 774 3519 syllaba
799 3451 883 3502 ultima
909 3460 1019 3515 correpta
1045 3451 1075 3515 cf.
1105 3448 1203 3501 FNeuii
1225 3468 1326 3517 qramm.
1351 3449 1391 3501 lat.

375 3535 409 3587 Η
424 3538 497 3603 333)
523 3537 604 3589 Istos:
633 3555 691 3587 nam
717 3537 774 3588 uolo
801 3538 929 3588 mmmode
956 3533 1051 3586 Statim
1078 3534 1156 3587 labos:
1183 3537 1311 3587 commodo
1337 3554 1392 3586 nam

374 3620 432 3671 uolo
450 3620 563 3686 Scaliger
580 3620 645 3671 latos
662 3621 707 3681 da,
725 3622 798 3672 modo
809 3639 868 3673 nam
878 3620 1026 3686 Doerinyius
1038 3621 1103 3671 Istos
1115 3620 1253 3671 commoda:
1272 3604 1341 3672 enim
1355 3621 1393 3670 m'r

374 3703 456 3754 doctam
473 3704 498 3753 im
516 3705 565 3753 obs.
587 3702 685 3753 miscell.
706 3703 813 3754 Doruill.
844 3703 869 3753 V
885 3704 905 3753 2
927 3697 1093 3754 Froeblicbiics
1212 3704 1326 3770 Sarapim
1343 3698 1392 3781 βω

374 3787 421 3838 Im
539 3787 573 3838 27
590 3803 664 3837 mana
681 3801 707 3838 ω
724 3784 819 3837 Statim
838 3785 963 3853 Scaliyer:
982 3805 1055 3838 mana
1066 3805 1106 3837 me
1125 3787 1204 3837 VIm
1221 3804 1246 3841 (υ
1257 3805 1337 3848 mane,
1354 3795 1393 3840 ma

374 3872 488 3926 Handius
506 3875 555 3925 oba.
573 3871 612 3924 56
629 3870 730 3921 minime
747 3869 872 3921 Pomanus
895 3869 962 3921 Lm*
979 3873 1013 3921 mi
1030 3871 1110 3922 anima
1132 3870 1292 3938 memmius
1306 3873 1393 3937 philol.

375 3958 440 4011 XII
452 3959 504 4012 581
605 3961 667 4024 ‘poet
687 3954 771 4021 inquio
792 3956 891 4022 puellae
904 3957 1018 4021 fenestra
1035 3955 1141 4019 sequitur
1158 3957 1183 4006 in
1200 3957 1278 4007 codice
1295 3959 1397 4011 aemam*

375 4045 515 4098 Alexander
535 4042 658 4095 Gramma
666 4041 716 4107 sol.
734 4039 800 4092 XI‘.
818 4042 872 4091 binc
885 4052 943 4107 post
959 4059 981 4093 a.
999 4040 1036 4092 27
1057 4042 1205 4092 interstitium
1223 4060 1306 4093 uersus
1324 4044 1392 4093 unius

376 4133 483 4181 seruauit
498 4131 545 4180 Lm
561 4129 602 4196 (cs.
621 4128 743 4194 Haaptim
760 4125 809 4178 iad.
828 4126 878 4178 lem
898 4127 969 4178 berol.
988 4127 1215 4194 aest.m.1857‚5)
1293 4129 1327 4178 30
1339 4128 1391 4178 Ga-

377 4212 433 4264 uius
455 4213 619 4265 olibama
636 4205 719 4267 annal.
736 4212 805 4265 Iam
823 4210 970 4263 LXXXV
983 4212 1038 4264 378
1055 4213 1133 4265 Cinna
1151 4221 1207 4265 arat
1223 4212 1307 4280 grauia
1326 4210 1390 4276 Hey-
