3542 5167
373 682 411 748 H

377 887 435 970 qui
458 886 538 950 olim
560 886 624 951 fuit
645 884 755 950 Iacobi
778 882 985 963 Sannazarii,
1008 886 1091 951 alter
1113 888 1278 969 parisinus
1299 885 1392 965 8071,

375 1006 454 1070 olim
469 1003 580 1069 Iacobi
596 1005 739 1087 Augusti
755 1003 921 1085 Thuani⁵)‚
943 1012 1081 1086 uterque
1095 1006 1234 1070 mutilus
1250 1007 1391 1088 quidem,

374 1124 433 1190 aad
455 1126 503 1189 ita
525 1132 721 1207 conparatus
743 1133 781 1187 nt
802 1123 885 1187 alter
908 1123 1051 1188 alterum
1073 1125 1238 1208 suppleat:
1268 1125 1392 1191 catulli

374 1242 460 1326 quod
487 1242 557 1307 dixi
585 1263 715 1306 carmen
739 1258 800 1297 exn
823 1243 859 1304 in
881 1242 951 1306 eolo
974 1242 1118 1308 thuaneo
1139 1245 1236 1308 inest.
1280 1265 1390 1309 exem·

373 1362 467 1443 plum
496 1361 654 1443 gallicum
680 1357 811 1441 quando
844 1367 1018 1425 exaratum
1047 1362 1091 1425 eit
1119 1362 1262 1444 quodam
1295 1364 1391 1428 modo

376 1480 507 1544 definiri
529 1487 646 1562 potest.
683 1489 717 1543 et
738 1480 827 1542 enim
848 1479 1072 1563 anthologiam
1087 1479 1181 1545 illam
1197 1503 1302 1565 neque
1317 1492 1392 1547 ante

373 1599 543 1666 saeculum
572 1608 648 1696 poet
676 1596 847 1663 Ohrietum
876 1608 991 1663 natum
1021 1601 1200 1681 septimum
1228 1603 1296 1665 fere
1323 1622 1390 1665 mc-

373 1720 466 1783 dinm
493 1739 599 1800 neque
626 1727 702 1799 poet
728 1718 898 1791 saeculum
926 1738 1049 1781 nonum
1078 1720 1217 1799 conponi
1246 1720 1392 1800 potuisse

372 1840 493 1919 partim
516 1858 557 1900 ex
580 1844 684 1900 aetate
700 1837 883 1899 carminum
898 1835 1050 1917 florilegii
1066 1835 1158 1900 illiue
1175 1836 1389 1917 quorundam,

372 1956 493 2042 partim
517 1954 594 2018 inde
612 1954 815 2035 intellegitur
830 1953 916 2035 quod
933 1955 1191 2019 sannazarianus
1206 1954 1291 2019 liber
1305 1975 1391 2019 nono

374 2074 505 2139 saeculo
519 2074 654 2138 inferior
666 2092 732 2136 non
742 2092 815 2136 esee
826 2071 967 2136 uidetur.
990 2072 1172 2137 thuaneum
1188 2072 1392 2138 arbitrantur

373 2203 432 2259 aut
457 2192 571 2257 eodem
599 2192 730 2256 saeculo
757 2211 843 2255 nono
865 2200 1005 2256 exeunte
1028 2200 1086 2255 aut
1106 2192 1241 2255 ineunte
1263 2191 1389 2256 decimo

373 2314 534 2397 scriptum
556 2313 664 2394 esaei).

478 2430 603 2497 Oontra
618 2430 726 2496 scriba
739 2430 885 2513 exempli
900 2430 1091 2493 ueronenaia
1104 2449 1169 2492 non
1181 2436 1250 2493 tam
1261 2430 1389 2512 paullu-

375 2553 445 2617 lum
468 2572 510 2616 ex
531 2550 710 2636 archetypo
733 2550 936 2635 deprompsit
958 2570 1056 2631 quam
1078 2550 1247 2632 integrum
1269 2550 1392 2613 librum
1415 2543 1418 2545 ’

374 2668 510 2747 Catulli,
533 2671 667 2753 qualem
687 2671 756 2733 iere
777 2669 995 2753 archetypum
1011 2671 1279 2751 repraesentauit,
1301 2680 1391 2733 tran·

375 2790 513 2872 scripsit.
547 2788 633 2870 qnod
656 2789 685 2852 ei
707 2797 838 2870 tempus
860 2790 1069 2871 respicimus,
1099 2790 1308 2871 transcripsit
1333 2790 1392 2853 ali-

375 2917 499 2991 quanto
532 2915 609 2972 ante
643 2908 811 2973 saeculum
846 2908 1010 2973 ‹lecimum
1042 2910 1195 2999 medium.
1252 2928 1392 2989 namque

376 3048 463 3093 anno
498 3028 563 3092 965
598 3026 802 3104 Rathcriue,
851 3029 1024 3112 epiecopus
1071 3039 1143 3094 tum
1192 3029 1393 3105 ucronensia,

377 3146 567 3229 exemplum
594 3145 679 3210 illud
709 3167 750 3211 ex
784 3145 1001 3212 bibliothecae
1034 3149 1171 3231 capituli
1203 3150 1395 3215 neroncnsie

375 3264 529 3341 tenebris,
553 3264 674 3346 quibus
697 3285 756 3347 per
776 3273 923 3348 tempus,
952 3276 990 3331 ut
1010 3269 1082 3331 ucri
1105 3268 1214 3332 simile
1236 3278 1299 3344 est,
1323 3269 1393 3332 lou-

375 3385 450 3469 gius
479 3382 643 3466 quoddam
673 3383 853 3449 obductum
876 3393 962 3461 erat,
985 3387 1147 3467 protraxit
1157 3389 1202 3471 7);
1237 3387 1293 3451 aed
1316 3406 1394 3450 mox

376 3503 483 3569 denno
510 3506 546 3567 in
575 3503 726 3569 tenebrae
752 3503 901 3569 recidens
935 3504 1019 3571 liber
1050 3505 1107 3572 ille
1139 3528 1198 3589 per
1230 3514 1395 3571 trecentos

376 3726 402 3776 p.
421 3722 509 3765 vl-XI
528 3716 556 3758 et
572 3726 614 3775 qu.
633 3727 656 3775 p.
674 3708 692 3759 3
763 3711 780 3759 ὃ
799 3709 831 3762 el.
850 3708 1033 3761 Schneidewini
1050 3711 1146 3778 proleg.
1165 3713 1197 3762 ad
1214 3711 1325 3763 Martial.
1344 3726 1355 3765 1
1372 3727 1397 3777 p·

376 3806 489 3850 mmm
506 3801 533 3845 et
549 3807 611 3860 quen
629 3794 670 3844 hic
687 3793 775 3844 citauit
842 3794 859 3844 6
877 3794 910 3844 de
927 3794 986 3845 libri
1003 3795 1175 3846 sennaar-iani
1194 3804 1277 3847 aetate
1296 3804 1397 3863 praeter

377 3880 514 3947 Hauptinm
531 3879 564 3930 ad
582 3879 630 3931 On.
648 3878 699 3931 hd.
716 3896 741 3945 p.
755 3894 796 3934 v11
810 3880 842 3932 cl.
855 3879 1001 3930 Endlieheri
1013 3878 1084 3932 catal.
1098 3880 1176 3933 cedia.
1189 3881 1249 3932 bibl.
1261 3880 1397 3932 uiedobon.

377 3964 529 4030 (vindobon.
549 3964 625 4030 1836)
642 3982 666 4032 p.
687 3964 746 4015 1212
764 3964 866 4015 thuanei
884 3972 993 4015 aetatem
1011 3965 1048 4016 ric
1064 3974 1092 4015 ut
1109 3966 1161 4019 dixi
1179 3965 1293 4017 dctiniuit
1306 3966 1397 4016 ariae-

378 4049 445 4099 ricna
466 4050 616 4102 Dnebnerne
685 4049 700 4101 7
722 4047 754 4101 cf.
777 4049 893 4100 macrii
915 4065 991 4115 opera
1015 4051 1070 4113 (ed.
1087 4051 1182 4104 Bellen.
1205 4051 1297 4102 Veron.
1318 4051 1397 4119 1765)

378 4148 404 4196 p.
420 4131 471 4183 639
488 4134 575 4185 Maffei
592 4136 708 4186 Veronae
725 4134 815 4185 illnetr.
833 4134 882 4198 (ed.
901 4134 1038 4186 Mediolani
1056 4154 1079 4188 a.
1101 4136 1182 4202 1825)
1200 4152 1221 4191 11
1239 4137 1274 4187 25
1291 4135 1396 4202 Hanptii

379 4232 420 4279 qu.
443 4233 469 4282 p.
490 4216 509 4266 8
531 4218 680 4271 Leuteohiae
701 4220 718 4270 l.
739 4236 761 4270 c.
782 4236 807 4285 p.
832 4218 898 4270 lato
920 4218 1098 4273 Ollilabeclriue
1120 4222 1153 4272 de
1175 4220 1275 4275 Catullo
1297 4220 1397 4287 (Kiliaa
