3542 5167
755 693 788 746 lb
805 696 932 749 3-112

400 903 465 946 non
489 881 665 947 horrebitis
688 902 876 949 ammonere
898 884 1003 963 nobis,

401 1010 469 1068 tam
492 1009 625 1086 gratum
647 1008 698 1066 cet
720 1002 802 1067 mihi
825 1023 924 1088 quam
947 1006 1059 1072 ferunt
1080 1008 1210 1091 puellae
1231 1028 1257 1079 11
1279 1011 1318 1074 11

357 1123 377 1185 5
399 1122 523 1204 pernici
545 1120 715 1186 aureolum
737 1122 839 1188 fuisse
861 1123 997 1203 malum,

403 1240 489 1323 quod
510 1262 627 1307 zenam
649 1241 751 1307 soluit
773 1241 830 1308 diu
852 1242 997 1328 ligatam.

826 1445 863 1509 H

403 1602 533 1709 Passer,
556 1631 692 1697 deliciae
713 1652 805 1698 meae
826 1633 966 1716 puellae,

401 1752 536 1834 quicum
557 1750 680 1829 ludere,
704 1771 801 1835 quem
822 1754 858 1817 in
880 1753 957 1819 sinu
979 1758 1098 1833 tencre,

335 1958 412 2009 4-6
425 1968 482 2023 post
499 1957 534 2009 ΙΙ
547 1957 583 2010 10
604 1968 617 2017 ΙΙ
640 1958 657 2011 6
677 1958 780 2025 ligatam
797 1958 837 2011 al’.
848 1965 965 2027 negatam
992 1970 1006 2019 ΙΙ
1025 1960 1050 2013 ll
1065 1960 1153 2015 Fletus
1164 1964 1275 2031 pasceris
1293 1962 1356 2017 Les-

335 2045 392 2095 biae
415 2053 428 2101 ll

337 2165 479 2231 (Dillinqce
497 2165 582 2231 1858)
609 2165 647 2215 00
669 2174 692 2215 ct
708 2164 821 2215 Klotzias
844 2165 931 2218 emend.
953 2176 999 2218 cat.
1017 2185 1045 2232 p.
1060 2165 1157 2218 XIIII
1170 2169 1229 2219 inter
1246 2187 1272 2219 sa
1289 2185 1359 2220 cene·

339 2262 439 2303 caenam
452 2260 541 2316 etpost
551 2269 644 2301 carmen
655 2251 675 2300 Ι
683 2250 869 2301 conlocamus
882 2252 912 2315 cf.
926 2261 1017 2316 quaest.
1036 2250 1054 2301 Ι
1063 2251 1118 2302 297
1222 2254 1297 2305 1-3
1310 2273 1359 2320 po·

342 2339 390 2387 suit
405 2337 525 2388 Anaetica
538 2346 596 2401 post
612 2330 690 2386 XVI
698 2335 740 2397 13,
758 2335 922 2385 Froalliclias
941 2338 1002 2401 (act.
1021 2336 1091 2387 acaci,
1109 2354 1169 2390 man.
1187 2338 1239 2389 ΙΙΙ
1248 2339 1267 2389 3
1287 2339 1359 2406 706)

342 2433 395 2473 ante
413 2418 520 2472 XVII
625 2419 704 2472 4-6
730 2420 840 2470 adiunxit
861 2420 963 2472 carmini
983 2420 1135 2474 XXXVIII
1155 2423 1319 2476 Frcclliclias
1342 2426 1359 2480 l.

342 2526 360 2559 c.
377 2507 430 2557 703
498 2506 516 2556 4
533 2512 632 2573 gratum
649 2505 676 2555 id
693 2505 754 2556 mihi
772 2503 883 2556 Muretus
953 2505 970 2558 6
987 2506 1222 2560 similitcrcatullus
1234 2526 1359 2562 ucronen·

342 2594 376 2645 sis
396 2592 475 2660 ‘qued
493 2608 579 2643 zonam
597 2591 673 2643 soluit
689 2591 732 2642 diu
750 2589 867 2658 ligalam'
890 2591 956 2642 inter
973 2592 1199 2661 hendecasyllabos
1217 2595 1360 2661 phalaecios

341 2680 430 2745 posuit,
449 2695 510 2746 ergo
527 2678 575 2729 nisi
593 2675 694 2729 ‘soluit'
711 2676 870 2744 trisyllabum
889 2678 1009 2745 accipias,
1031 2696 1119 2731 uersus
1141 2688 1208 2732 stare
1230 2698 1279 2733 non
1303 2699 1360 2747 pos·

341 2765 375 2815 sit
392 2764 536 2814 Priscianus
558 2763 631 2813 instit.
654 2762 720 2812 122
742 2762 800 2814 546
817 2762 998 2826 P16,12H
1102 2763 1221 2833 ligatam]
1243 2774 1361 2835 negatam

342 2867 386 2899 non
405 2848 523 2899 nullorum
541 2848 664 2909 lelrrcram,
686 2848 725 2899 acl
746 2849 822 2913 circius
842 2848 1014 2915 qcrmaaensis,
1029 2850 1143 2915 probauit
1160 2848 1360 2918 (Martyni-La·

339 2936 419 3000 quaa)
443 2943 489 2986 act.
513 2933 557 2984 las
582 2934 668 2983 iacens.
691 2952 715 2984 a.
734 2933 847 2985 179017
865 2934 927 2997 675,
950 2933 994 2983 sed
1014 2935 1044 2998 cs.
1066 2944 1163 2999 praecor
1180 2934 1306 2986 Prisciani
1327 2947 1360 2987 tc-

341 3020 471 3071 stimoniam
489 3028 625 3069 accuratum
648 3020 718 3069 etiam
734 3020 884 3070 Imitationem
906 3020 974 3070 laius
992 3037 1075 3071 uersus
1099 3021 1123 3071 in
1141 3022 1252 3087 priapeia
1276 3021 1361 3089 (1704

342 3104 439 3173 Meyer)
459 3105 496 3155 'Ie
513 3110 605 3155 uocant
621 3120 695 3169 prece
706 3104 816 3171 uirgines
833 3106 948 3173 pudicae,
960 3106 1079 3157 zonulam
1095 3114 1124 3157 ul
1141 3106 1224 3159 saluas
1242 3107 1283 3158 diu
1297 3106 1361 3174 liga·

341 3200 398 3243 tam.
432 3191 601 3241 Lachmannas
625 3189 755 3256 adscriptis
778 3192 839 3241 notia
856 3190 992 3243 AGuarirri
1012 3202 1036 3242 ct
1051 3191 1149 3242 Perrcii
1170 3194 1207 3260 (a.
1230 3211 1285 3246 aar.
1308 3193 1361 3247 lect.

342 3276 377 3327 ad
392 3278 415 3327 l.
434 3276 465 3342 l.)
483 3294 566 3326 uersus
583 3276 625 3325 lios
643 3293 686 3325 sca
703 3295 720 3326 a
739 3276 795 3326 locis
814 3294 872 3340 quos
891 3277 916 3327 in
935 3277 1002 3328 libris
1021 3287 1095 3328 terrem
1112 3295 1157 3327 non
1174 3296 1267 3329 accuens
1278 3296 1362 3330 uersus

342 3372 389 3412 tres
405 3363 500 3426 priores
521 3380 538 3411 a
555 3362 658 3411 carmine
676 3360 750 3413 XIIII
770 3362 875 3411 seiunxit
896 3363 969 3426 quasi
991 3380 1073 3412 aeuum
1096 3365 1126 3411 ab
1151 3364 1185 3414 eis
1210 3380 1304 3412 cannen
1325 3364 1361 3413 in-

342 3446 435 3511 ciperet,
451 3446 595 3511 posteriores
613 3455 690 3497 cutem
708 3455 755 3496 tres
773 3465 791 3495 a
808 3462 879 3497 uersa
897 3444 980 3496 1110
997 3446 1032 3495 eis
1045 3446 1156 3510 proximo
1179 3446 1302 3496 interstitio
1324 3463 1361 3496 se-

338 3532 447 3597 parauit.

408 3632 434 3683 11
451 3632 505 3682 Hoc
522 3635 560 3699 (at
570 3634 682 3699 sequens)
699 3650 793 3684 carmen
812 3633 918 3698 respexit
928 3630 1059 3683 Martialis
1072 3636 1116 3685 IIII
1133 3632 1213 3685 1413
1225 3631 1267 3686 Sic
1278 3633 1363 3685 forsan

342 3726 412 3769 tener
429 3736 504 3770 susus
522 3731 561 3770 esc
572 3717 684 3771 Catullus
696 3720 791 3786 Magno
809 3719 910 3769 mittere
923 3736 1052 3786 passerem
1065 3718 1162 3770 Maroni
1175 3719 1217 3771 XI
1231 3720 1248 3771 0
1259 3719 1296 3770 10
1308 3719 1362 3771 Do·

341 3804 406 3854 nabe
424 3804 471 3854 tibi
489 3821 615 3870 passerem
628 3804 721 3857 Catulli
734 3805 752 3854 1
765 3806 779 3855 7
792 3805 811 3855 3
822 3804 918 3858 Stellae
930 3803 1048 3856 Relicium
1061 3806 1111 3857 mei
1123 3805 1244 3867 columba,
1262 3806 1364 3857 Verona

340 3891 401 3941 licet
418 3890 536 3941 audiente
554 3890 647 3951 dicam,
667 3892 748 3954 Vicit,
771 3891 893 3952 Maxime,
916 3908 1044 3958 passerem
1062 3890 1162 3942 Catulli.
1192 3889 1276 3939 libram
1294 3896 1364 3938 totum

345 3973 437 4026 Catulli
457 3974 592 4039 ‘passeris'
615 3976 705 4026 nominc
727 3976 781 4026 olim
799 3975 946 4041 adpellatam
964 3977 1048 4040 fcisse
1068 3975 1159 4039 partim
1179 3982 1278 4039 propter
1301 3973 1363 4025 locos

341 4060 471 4112 Martialis
488 4061 547 4111 duos
561 4061 658 4127 priores
674 4063 764 4126 partim
781 4071 882 4127 propter
896 4064 1058 4128 fracmentum
1077 4057 1167 4124 Apulei
1187 4058 1216 4108 dc
1238 4060 1362 4125 artioqra-

339 4146 400 4212 plia
413 4146 541 4211 personati
552 4162 580 4210 p.
593 4145 628 4195 13
646 4144 682 4195 acl.
705 4144 799 4197 Oceani
814 4147 896 4199 Pacta
913 4128 1000 4197 declus
1018 4146 1043 4195 in
1062 4161 1107 4196 suc
1125 4162 1244 4211 passere.
1259 4147 1362 4199 ..arbi-

341 4232 401 4282 trati
416 4240 471 4283 sant
483 4240 542 4297 pest
562 4229 626 4282 alios
643 4226 781 4281 FOsaanas
805 4231 840 4282 ad
855 4230 931 4297 Apul.
952 4247 978 4296 p.
993 4229 1028 4281 82
1045 4228 1211 4282 ELeutacIrius
1229 4230 1315 4298 philol.
1333 4230 1367 4282 X
