3542 5167
499 716 542 781 36
868 726 1152 781 xxxa-xxxia

563 919 630 982 iam
652 924 684 981 te
706 918 757 981 nil
776 917 918 991 miseret,
941 914 1030 990 dure,
1052 914 1101 977 tui
1124 912 1228 977 duleis
1251 912 1407 977 amiculi?

565 1087 632 1149 iam
654 1106 707 1149 me
728 1084 873 1167 prodere,
904 1085 972 1148 iam
993 1104 1057 1146 non
1079 1081 1211 1146 dubitas
1234 1082 1357 1157 fallere,
1380 1081 1518 1164 perfide:

567 1227 645 1268 nam
652 1205 738 1267 faeta
743 1204 845 1285 impia
852 1204 1008 1268 fallacum
1018 1205 1189 1268 hominum
1200 1202 1361 1267 caelicolis
1367 1202 1519 1285 placent?

525 1374 545 1436 5
568 1392 650 1453 quae
672 1378 708 1435 tu
723 1372 873 1454 negligis,
897 1393 934 1436 ae
956 1393 1009 1435 me
1030 1371 1187 1435 miserum
1210 1372 1332 1435 deseris
1355 1372 1389 1433 iu
1413 1372 1519 1435 malis:

567 1491 647 1553 cheu
659 1489 737 1571 quid
748 1490 878 1565 faciant,
892 1488 950 1565 dic,
965 1489 1125 1564 homines,
1139 1491 1233 1553 cuiue
1245 1489 1388 1554 habeant
1399 1490 1521 1553 fidem?

568 1665 653 1721 oerte
675 1665 745 1723 tute
767 1657 904 1722 iubebas
926 1660 1071 1723 animam
1093 1658 1231 1733 tradere,
1253 1659 1372 1739 inique,
1394 1681 1441 1721 mc

569 1777 727 1841 inducens
749 1778 784 1840 in
807 1798 962 1852 amorem,
985 1778 1077 1857 quasi
1100 1784 1169 1841 tuta
1191 1779 1302 1842 omnia
1323 1777 1369 1840 mi
1392 1779 1507 1841 forent.

568 1944 656 2007 idem
677 1965 766 2009 nuno
788 1945 931 2008 retrahis
952 1952 985 2008 te
1008 1966 1045 2008 ao
1064 1954 1121 2009 tua
1144 1945 1230 2010 dicta
1247 1947 1357 2009 omnia
1373 1946 1523 2027 factaque

506 2063 547 2127 10
568 2071 686 2126 uentos
707 2063 801 2125 irrita
822 2063 907 2125 ferre
929 2083 966 2126 ao
989 2063 1126 2127 nebulas
1155 2065 1258 2128 aerias
1281 2065 1370 2128 sinis.

570 2232 651 2294 situ
673 2230 794 2295 oblitus
810 2251 853 2305 es,
877 2238 914 2293 ct
929 2231 974 2295 dii
989 2234 1220 2309 meminerunt,
1241 2234 1394 2298 meminit
1415 2233 1524 2310 Fides,

570 2369 654 2429 quae
676 2356 708 2412 te
730 2357 767 2413 ut
788 2350 955 2430 paeniteat
976 2350 1148 2431 postmodo
1171 2352 1248 2414 faeti
1270 2351 1367 2415 faciet
1387 2352 1445 2413 tui.

958 2500 1080 2564 XXXI

569 2586 680 2682 Paene
702 2618 897 2695 insularum,
928 2616 1060 2695 Sirmio,
1083 2621 1331 2702 insularumque

570 2735 681 2812 ocelle,
706 2755 917 2816 quascunque
942 2738 977 2798 in
1000 2736 1202 2818 liquentibus
1225 2740 1351 2821 stagnis

569 2852 718 2932 marique
740 2861 836 2915 uasto
858 2852 922 2915 fert
943 2861 1080 2937 uterque
1103 2856 1284 2938 Neptunus,

507 3020 604 3071 2nihil
627 3030 639 3076 tl
658 3020 960 3071 3iamn0nmedubitas
984 3031 995 3078 ΙΙ
1019 3024 1107 3075 4Nee
1131 3034 1143 3080 ΙΙ
1168 3025 1276 3075 toheu
1300 3035 1312 3083 ΙΙ
1338 3027 1393 3078 dico
1417 3038 1429 3084 Η
1453 3028 1469 3076 7
1488 3044 1527 3076 nio

507 3105 615 3154 omasum
649 3117 661 3164 Η
689 3104 810 3155 8omnia
836 3114 891 3155 tuta
920 3115 931 3161 Η
960 3106 1061 3159 9Inde
1090 3117 1102 3164 11
1137 3109 1168 3158 10
1190 3111 1273 3160 Vento
1303 3121 1315 3166 11
1347 3113 1375 3160 11
1399 3120 1427 3161 ut
1449 3112 1484 3161 dii
1508 3123 1520 3166 u

507 3191 595 3244 XXXI
614 3195 653 3244 Ad
671 3195 781 3245 sirmium
798 3195 905 3246 insulam
928 3204 941 3251 ΙΙ

508 3311 559 3375 (nr.
579 3311 651 3376 831).
671 3312 732 3363 467.
752 3313 813 3364 473.
836 3330 866 3362 ca
883 3331 940 3364 noue
960 3322 998 3370 eet
1014 3311 1180 3361 [carlmannus
1202 3313 1227 3360 in
1249 3312 1433 3362 commentatione
1456 3329 1527 3375 quom

504 3394 590 3459 paullo
611 3406 665 3445 ante
688 3398 876 3447 commemoraui:
897 3365 1011 3464 ltplt'ae
1042 3395 1087 3448 Vn)
1110 3395 1164 3449 Lm.
1188 3395 1300 3462 (ceterum
1323 3414 1383 3460 quoe
1407 3406 1497 3459 quaest.
1516 3399 1528 3447 1

509 3479 545 3528 ⁸3
562 3478 591 3527 de
608 3480 731 3529 consulatu
748 3479 779 3530 P.
797 3481 883 3546 Alfeni
906 3481 968 3531 Vari
989 3483 1048 3532 iuriis
1070 3480 1173 3531 consuta·
1194 3479 1246 3529 diri
1266 3479 1406 3546 corriqenda
1424 3489 1478 3529 sant
1498 3498 1527 3528 cn

512 3561 571 3612 CIL
587 3566 600 3615 l
617 3563 671 3613 467
689 3573 712 3613 et
728 3565 799 3615 inser.
818 3566 872 3616 coll.
896 3564 972 3619 Orell.
995 3585 1029 3615 nr,
1053 3566 1138 3631 6438)
1242 3567 1257 3614 3
1282 3565 1334 3615 lam
1351 3563 1400 3614 iam
1418 3564 1526 3629 prodere

507 3646 557 3695 iam
575 3644 717 3711 Spenqeliur
736 3648 787 3700 lect.
806 3658 850 3698 cot.
870 3649 923 3699 122
1029 3654 1046 3700 4
1062 3650 1128 3701 Num
1146 3650 1244 3713 scripsi:
1262 3649 1315 3699 Nec
1341 3648 1386 3702 Vm
1404 3648 1450 3697 Lm

508 3730 630 3793 pellaeum
654 3723 670 3806 β
786 3734 802 3781 5
821 3734 890 3795 Quos
909 3729 926 3812 β
947 3734 1099 3786 BGnurinna
1116 3734 1236 3782 Auentino
1351 3734 1368 3781 4
1392 3741 1415 3781 et
1434 3733 1451 3781 5
1472 3745 1529 3797 post

510 3813 542 3863 12
564 3816 710 3878 composuit
726 3815 894 3868 Lacinienses
918 3821 992 3885 (prob
1013 3817 1068 3883 Hp)
1192 3814 1208 3863 6
1234 3814 1268 3863 Et
1294 3814 1343 3863 heu
1362 3816 1527 3868 noeturnae

609 3899 663 3964 dio]
682 3899 773 3951 dehinc
791 3899 885 3951 Statius
992 3901 1009 3951 9
1027 3900 1096 3951 Idem
1115 3890 1158 3972 βω
1173 3897 1230 3949 Lm:
1248 3899 1309 3950 Inde
1329 3900 1527 3953 VRossbccbinr

611 3984 640 4032 ll
659 3985 803 4045 meminere,
820 3994 846 4035 at
863 3969 880 4052 β
896 3983 1133 4049 Μαντμηί-Εαφαηα
1146 3997 1171 4035 ω
1248 3985 1285 4034 ll.
1302 3986 1332 4035 12
1350 3972 1377 4037 Si
1394 3995 1422 4036 tu
1436 3988 1528 4039 oblitus

508 4084 543 4130 es,
563 4068 603 4131 (at
620 4067 647 4117 di
663 4069 810 4129 meminere,
829 4075 856 4119 at
872 4068 985 4118 meminit
1001 4065 1092 4129 Fides)
1117 4068 1188 4129 Quae
1210 4076 1235 4119 te
1259 4080 1287 4119 ut
1305 4072 1433 4137 poeniteat
1455 4078 1525 4137 post·

508 4151 581 4200 modo
598 4151 658 4200 facti
675 4151 766 4202 facient
788 4153 842 4202 tui‘l
868 4150 982 4200 Handiua
1005 4150 1109 4200 oba..83

576 4233 663 4285 XXXI
681 4236 698 4284 3
725 4236 798 4286 effert
814 4235 960 4302 Doerinqirn
981 4234 1041 4285 ferit
1056 4227 1106 4312 (β)
1126 4237 1242 4303 utrinque
1260 4237 1424 4289 Froellr'cliue
