3542 5167
377 703 438 765 154
679 714 826 768 nxxxxn
843 712 1049 766 s-nxxxxv
1069 712 1085 763 e

440 927 500 986 qno
521 906 634 987 tinne?
656 904 733 984 qnia
755 911 829 964 sunt
851 904 978 965 totidem
1000 922 1086 964 men:
1109 901 1259 982 deprecor
1281 899 1373 961 illum

482 1026 615 1100 assidue,
638 1045 751 1086 nerum
773 1024 955 1105 dispeream
976 1023 1041 1084 nisi
1064 1042 1145 1084 anno.

771 1275 995 1340 LXXXXIII

440 1435 493 1529 Nil
517 1466 658 1527 nimium
681 1463 805 1539 studes,
828 1463 959 1539 Caesar,
982 1463 1042 1526 tibi
1065 1462 1154 1527 uelln
1176 1462 1313 1543 plaeere,

482 1605 542 1648 nee
564 1587 647 1649 seire
669 1583 780 1649 utrum
804 1585 850 1647 sis
872 1584 964 1647 albus
986 1604 1027 1647 an
1051 1592 1119 1647 ntur
1141 1582 1247 1645 homo.

760 1804 1004 1869 LXXXXIIII

440 1962 591 2055 Mentula
612 1990 811 2054 moechatur.
846 1989 1040 2054 monebatur
1061 1990 1210 2053 mentula
1232 1997 1327 2053 certe.

482 2111 543 2174 hue
565 2118 622 2186 est,
645 2110 730 2190 qnod
754 2109 973 2207 dicuntfipsa
996 2109 1085 2173 oleru
1106 2108 1172 2173 olla
1193 2108 1283 2190 legit.

781 2331 985 2396 LXXXXV

442 2493 589 2607 Zmyrna
611 2522 675 2584 mni
699 2519 825 2585 Cinnae
848 2541 966 2584 nonam
991 2526 1065 2602 post
1088 2519 1227 2601 denique
1250 2541 1391 2583 messem

481 2663 578 2723 qnam
601 2647 713 2722 coepta
735 2647 784 2703 est
807 2659 991 2720 nonamque
1014 2638 1107 2702 edita»
1122 2645 1195 2722 post
1218 2638 1368 2714 hiemem,

566 2779 729 2790 ,-,-...-...

374 2847 391 2897 3
410 2856 432 2895 et
448 2847 465 2895 4
483 2845 586 2911 misissit!
600 2844 758 2895 LXXXXlll
776 2844 793 2894 2
811 2844 864 2895 Nnc
881 2844 904 2895 si
920 2862 963 2896 ore
976 2853 1058 2896 utrum
1071 2844 1092 2895 si
1104 2844 1188 2896 saluus
1200 2863 1232 2895 un
1245 2845 1307 2896 alter
1318 2845 1393 2897 homo

375 3002 467 3049 absunt.
502 3016 543 3048 nec
566 3009 640 3048 metten
662 3016 721 3059 nun,
744 2998 788 3047 sed
804 2999 884 3062 potins
909 2999 946 3049 sin
969 2999 993 3049 in
1015 3000 1048 3047 eis
1075 3008 1147 3060 extat,
1174 2998 1248 3048 ueluti
1272 3000 1296 3048 in
1324 2999 1393 3049 libris

376 3083 492 3147 Scloppn'
516 3092 538 3131 et
565 3080 642 3132 Statii
750 3083 767 3133 3
794 3083 849 3143 Quo
875 3084 969 3150 signo?
995 3083 1053 3149 quin
1080 3092 1137 3134 sunt
1163 3084 1266 3134 totidem
1293 3102 1350 3135 mea
1375 3078 1393 3161 β

382 3168 480 3218 Vossius
498 3170 546 3216 obs.
565 3167 620 3217 316
637 3165 695 3216 Lm:
718 3168 772 3228 Quo
795 3167 884 3233 signo?
909 3168 980 3233 quani
1001 3185 1050 3217 non
1073 3167 1178 3217 totidem
1196 3185 1253 3217 mox
1270 3167 1395 3233 deprecor

375 3253 413 3303 illi
431 3251 611 3316 interpolatores
627 3250 703 3301 Gellii
719 3250 831 3319 Scaliqer
848 3271 873 3306 ω
891 3253 945 3315 Quo
964 3253 1050 3320 signo?
1074 3252 1133 3317 quin
1145 3252 1225 3303 sentio
1238 3252 1310 3302 idem.
1333 3271 1393 3304 nam

375 3338 495 3404 deprecor
518 3335 587 3386 illum
612 3334 775 3387 Froeltlicltins
793 3348 839 3388 act.
857 3338 925 3389 annu.
945 3355 1034 3389 nonne.
1060 3335 1132 3387 V12
1149 3336 1208 3387 260
1227 3337 1281 3399 Quo
1300 3338 1392 3405 signo?

374 3422 445 3487 quusi
462 3438 512 3471 non
530 3420 634 3472 totidem
653 3421 718 3473 mala
735 3422 856 3489 deprecer
874 3423 910 3473 illi
929 3422 1074 3473 FIncnbsins
1083 3422 1192 3488 floriley.
1211 3421 1295 3472 1135

443 3524 603 3577 LXXXXllI
625 3523 661 3587 Cs.
684 3522 828 3581 Quintiliani
844 3526 899 3576 inst.
918 3534 979 3575 oret.
1002 3523 1049 3573 XI
1067 3527 1082 3575 1
1104 3525 1140 3575 38
1161 3525 1246 3592 Negat
1263 3543 1290 3576 se
1308 3526 1392 3591 magni

374 3610 458 3660 facere
481 3609 570 3673 aliquis
592 3601 722 3675 poetarum
745 3614 836 3661 ‘utrum
858 3610 951 3663 Caesar
976 3618 1032 3661 nter
1055 3628 1087 3661 nn
1104 3610 1175 3661 albus
1193 3612 1267 3661 homo
1285 3611 1333 3675 sit',
1352 3612 1390 3661 in-

373 3692 457 3743 mnia:
479 3699 550 3752 uerte
572 3700 601 3742 ut
621 3692 688 3742 idem
711 3692 804 3745 Caesar
826 3696 857 3745 de
879 3695 923 3746 illo
945 3694 1051 3753 dixerit,
1074 3695 1217 3760 arrogantia
1235 3702 1274 3745 est
1375 3695 1392 3745 2

373 3777 458 3828 nnluun
477 3792 509 3825 nn
526 3775 590 3825 alter
606 3773 630 3822 V
644 3774 780 3827 Pieitnerns
794 3796 878 3844 proyr.
897 3779 998 3843 spirens.
1016 3795 1040 3827 a.
1058 3777 1127 3827 1849
1140 3795 1168 3842 p.
1185 3778 1221 3828 12

443 3876 624 3931 LXXXXIIII
642 3876 754 3927 mentula
771 3887 847 3930 curte.
881 3890 923 3933 m:
950 3876 1077 3928 mentula:
1096 3885 1172 3960 uerte.
1208 3879 1254 3929 Ln
1274 3880 1393 3933 mentula.

373 3972 443 4015 certe
461 3964 516 4014 Huc
535 3971 574 4014 est
591 3962 751 4013 HAKocltius
768 3966 841 4029 symb.
856 3963 942 4027 philol.
962 3965 1030 4013 bonn.
1048 3962 1106 4013 320

443 4065 587 4116 LXXXXV
625 4063 662 4128 Cf.
685 4064 846 4130 Ptilnryyrns
868 4064 903 4114 ad
926 4065 1027 4133 Veryiln'
1047 4065 1089 4116 ecl.
1107 4064 1131 4126 9,
1149 4065 1186 4117 35
1206 4067 1286 4117 Cinna
1303 4068 1391 4135 Smyr-

375 4169 432 4201 mun
459 4151 572 4215 scripsit,
600 4168 673 4215 quam
700 4167 791 4200 nonum
817 4158 875 4215 pust
900 4170 1003 4214 annum,
1031 4160 1058 4203 ut
1085 4152 1197 4203 Catullus
1224 4153 1272 4214 ait,
1302 4153 1391 4207 edidit.

375 4234 403 4283 id
420 4234 488 4300 quud
505 4241 532 4284 et
550 4234 719 4296 Quintilianus
738 4233 779 4299 [X
795 4235 812 4283 4
830 4234 856 4299 4]
875 4235 911 4285 ait
928 4236 959 4300 (et
970 4246 1084 4288 contenent.
1097 4235 1185 4288 Horat.
1202 4235 1273 4299 Crnq.
1282 4253 1309 4300 p.
1322 4236 1391 4303 635)
