3542 5167
719 676 793 730 VIIII
813 676 921 730 10-x
941 677 972 732 15

338 866 379 930 10
401 886 420 931 o
442 870 604 949 quantum
626 869 677 929 est
697 863 870 929 hominum
894 864 1086 942 beatiorum,

401 985 479 1068 quid
502 1006 558 1050 me
579 983 700 1049 laetius
723 990 774 1049 est
795 983 989 1049 beatiusue‘?

826 1221 863 1285 X

399 1376 513 1473 Varus
535 1427 588 1472 me
611 1426 704 1472 meus
727 1405 768 1471 ad
790 1427 868 1471 suos
891 1426 1018 1472 amores

401 1528 512 1592 uisum
535 1525 675 1591 duxerat
697 1546 714 1590 e
736 1526 806 1590 foro
828 1525 981 1602 otiosum,

400 1647 596 1724 soortillum,
618 1654 656 1711 ut
677 1645 760 1711 mihi
783 1651 856 1711 turn
879 1651 1014 1728 repente
1036 1645 1146 1710 uisum
1169 1653 1229 1722 est,

400 1788 465 1831 non
488 1788 567 1831 sane
589 1765 764 1848 illepidum
786 1785 893 1847 neque
914 1765 1138 1829 inueuustum.

358 1887 378 1949 5
400 1886 465 1951 hue
486 1893 526 1950 ut
547 1885 711 1963 uenimus,
733 1883 878 1949 innidere
900 1883 996 1948 nobis

400 2026 568 2071 sermones
592 2005 684 2082 uarii,
706 2004 741 2068 in
765 2002 894 2086 quibus,
916 2001 995 2085 quid
1018 2011 1104 2067 esset

400 2126 467 2190 iam
490 2124 662 2209 Bithynia,
686 2144 749 2206 quo
771 2122 867 2187 modo
890 2142 924 2186 so
947 2121 1089 2200 haberet,

399 2263 575 2327 ecquonam
598 2243 681 2306 mihi
702 2242 881 2325 profuisset
904 2262 989 2306 uero.

400 2362 551 2447 respondi
574 2361 608 2427 id
631 2360 819 2445 quoderat,
842 2359 927 2424 nihil
950 2380 1056 2442 nequo
1078 2361 1162 2443 ipsis

336 2483 378 2547 10
399 2504 460 2549 nee
481 2481 687 2566 praetoribus
710 2501 781 2545 esso
803 2499 863 2544 noe
884 2478 1011 2544 eohorti

400 2621 459 2666 our
481 2601 657 2683 quisquam
681 2604 781 2681 eaput
802 2597 936 2664 unctius
958 2598 1104 2675 referret,

399 2719 594 2804 praesertim
617 2718 738 2800 quibus
760 2723 848 2782 esset
869 2717 1048 2781 irrumator

403 2845 533 2922 praetor
554 2859 620 2902 non
643 2837 763 2903 foetens
784 2836 845 2920 pili
868 2836 1042 2901 eohortem.

403 2964 446 3022 ‘st
468 2964 554 3022 uerte
576 2956 694 3022 tsmen'
717 2956 882 3038 inquiunt,
906 2954 1002 3038 ‘quod
1025 2955 1095 3021 illie

340 3077 381 3141 15
402 3082 520 3141 notum
541 3075 664 3141 dieitur
686 3096 767 3153 esse,
791 3075 989 3162 comparasti

405 3381 430 3432 X
452 3383 465 3432 1
489 3382 581 3434 Varius
605 3383 617 3432 ΙΙ
642 3383 722 3448 ise]
745 3399 819 3448 posse
842 3383 855 3431 ΙΙ
878 3383 895 3433 8
917 3383 951 3432 Et
967 3382 1085 3448 quonism
1105 3400 1165 3433 osor,
1188 3382 1227 3433 sl',
1250 3400 1357 3448 quonam

344 3466 357 3513 ΙΙ
375 3466 437 3517 hero
460 3467 473 3515 ΙΙ
492 3467 509 3517 9
526 3483 607 3533 nequo
624 3466 650 3516 in
667 3467 729 3533 ipsis
747 3466 793 3531 (t)
815 3467 828 3514 ΙΙ
848 3465 880 3516 13
897 3466 992 3517 fuceret

387 3593 430 3669 'x
453 3619 465 3668 1
491 3620 570 3670 suu
592 3617 645 3685 (uz
661 3620 771 3683 vom)
787 3612 819 3697 p:
838 3618 931 3671 vasus
955 3616 980 3667 V
992 3617 1137 3671 usuum
1155 3619 1183 3670 u
1199 3620 1230 3673 n
1250 3620 1320 3671 Varo
1335 3631 1359 3672 u

342 3699 424 3751 Cassii
444 3701 585 3753 Parmensis
607 3704 750 3754 semiustus
769 3722 796 3770 p.
819 3703 854 3754 12
876 3702 935 3768 (sed
955 3704 986 3768 cf.
1007 3704 1114 3771 Hauptii
1133 3709 1183 3759 obs.
1202 3706 1237 3757 24
1254 3717 1277 3756 et
1293 3724 1357 3758 meas

338 3802 377 3847 qu.
397 3784 416 3833 Ι
429 3786 498 3853 290)
602 3789 620 3838 4
636 3788 773 3853 inlepidum
791 3806 821 3837 es
838 3787 928 3838 dotano
946 3787 992 3838 bn
1093 3788 1109 3842 7
1127 3792 1251 3857 quomodo
1269 3809 1313 3857 ops
1330 3808 1357 3843 se

338 3870 427 3934 (posse
452 3870 487 3937 V)
506 3873 610 3923 haberet
634 3872 734 3923 Vossius
854 3872 871 3924 8
894 3873 1039 3940 quuonsm
1061 3872 1173 3925 Statius.-
1198 3875 1232 3924 Et
1251 3891 1358 3939 quonam

339 3948 388 4032 βω
524 3957 541 4007 9
559 3956 620 4007 mihi
637 3974 684 4009 nee
701 3957 749 4023 ipsi
767 3954 862 4007 Statius
880 3956 994 4024 Scoliper
1133 3959 1164 4008 10
1185 3958 1251 4008 Hine
1269 3957 1358 4007 Frust-

338 4042 422 4092 lichius
581 4042 757 4106 quaestoribus
787 4040 899 4093 Muretus
928 4042 1093 4109 praeconibus
1122 4039 1253 4091 Marcilius
1282 4042 1357 4093 Heiu-

336 4128 387 4178 sius
510 4126 541 4175 13
559 4126 653 4176 fsoisus
675 4124 810 4177 Gronovius
827 4127 856 4178 de
873 4137 930 4179 sest.
947 4125 1041 4175 11117
1059 4124 1142 4174 Lm*.·
1159 4126 1255 4179 faceret
1280 4127 1305 4178 V
1318 4130 1356 4180 fs-

336 4219 423 4264 oerent
453 4203 517 4288 βΙΛιι
534 4227 581 4261 nee
598 4210 694 4261 fuceret
721 4202 764 4285 βω
858 4212 889 4263 15
907 4210 1000 4261 Notum
1018 4206 1143 4276 Meteoqer
1159 4212 1238 4276 spicil.
1256 4213 1289 4263 17
