3542 5167
373 661 435 726 152
678 680 837 732 nxxxvru
857 678 1078 778 1-axxprxs

768 865 990 931 LXXXVIII

437 954 524 1056 lluid
547 984 626 1047 facit
649 984 686 1060 is,
711 984 811 1062 Gelli,
833 986 890 1066 qui
913 1006 988 1049 oum
1010 993 1115 1050 matre
1139 995 1236 1069 atque
1260 1008 1368 1051 sorore

477 1103 588 1183 prurit
610 1111 643 1166 et
664 1102 801 1169 abiectis
824 1105 1001 1188 peruigilat
1024 1106 1167 1169 tunicis?

438 1220 518 1302 quid
540 1223 619 1285 facit
640 1224 669 1286 is
691 1231 848 1304 patruum
871 1225 928 1305 qui
949 1246 1015 1288 non
1032 1226 1111 1288 sinit
1126 1246 1197 1289 esse
1212 1227 1390 1291 maritum?

480 1344 573 1421 aequi
596 1341 660 1403 sois
682 1350 842 1423 quantum
865 1343 1022 1430 suscipiat
1044 1344 1197 1423 sceleris?

394 1460 414 1521 5
437 1459 584 1540 suscipit,
607 1484 625 1525 o
649 1461 749 1538 Gelli,
773 1468 935 1543 quantum
958 1484 1024 1526 non
1047 1463 1166 1527 ultima
1190 1466 1310 1545 Tethys

481 1599 540 1643 neo
562 1581 690 1664 genitor
712 1580 935 1663 nympharum
958 1580 1064 1645 abluit
1086 1580 1251 1646 Oeeanus:

436 1719 513 1760 nam
537 1698 621 1761 nihil
646 1707 695 1763 est
717 1701 892 1781 quiequam
915 1700 1047 1763 sceleris
1062 1721 1126 1782 quo
1140 1700 1276 1783 prodeat
1292 1701 1388 1774 ultra,

479 1838 545 1880 non
569 1818 597 1880 si
619 1816 762 1881 demisso
784 1838 819 1881 so
841 1819 912 1901 ipse
934 1826 1028 1881 noret
1050 1820 1164 1901 eapite.

762 1968 1002 2033 LXXXVIIII

439 2053 569 2148 Gellius
592 2091 642 2148 est
664 2086 787 2149 tenuis:
812 2085 891 2167 quid
913 2087 970 2150 ni?
992 2088 1044 2151 oui
1068 2094 1136 2151 tam
1159 2088 1243 2151 bona
1266 2097 1370 2152 mater

479 2211 613 2285 tamque
636 2203 751 2267 ualens
773 2205 868 2269 uiuat
889 2212 1023 2286 tamque
1044 2214 1186 2271 uenusta
1208 2227 1299 2270 soror

438 2330 571 2403 tamque
594 2321 698 2386 bonus
720 2330 858 2405 patruus
880 2332 1014 2405 tamque
1029 2325 1139 2389 omnia
1153 2326 1252 2407 plena
1267 2326 1388 2406 puellis

483 2443 638 2524 cognatis,
663 2463 763 2523 quare
785 2443 813 2506 is
836 2424 966 2507 desinat
988 2463 1057 2507 esse
1080 2444 1208 2507 macer?

343 2632 347 2640 .
396 2562 416 2622 5
439 2562 495 2641 qui
510 2568 547 2625 ut
562 2560 645 2624 nihil
663 2562 813 2643 attingat,
830 2561 895 2625 nisi
911 2561 997 2643 quod
1013 2562 1063 2625 fas
1078 2569 1213 2643 tangere
1229 2582 1292 2624 non
1309 2569 1367 2637 est,

482 2680 698 2759 quantumuis
721 2700 821 2760 quare
845 2681 888 2743 sit
910 2700 1021 2742 maoer
1043 2680 1200 2742 inuenies.

799 2831 971 2895 LXXXX

440 2917 601 3013 Nascatur
625 2970 741 3032 magas
764 2969 804 3012 ex
828 2948 918 3013 Gelli
941 2950 1119 3031 matrisque
1143 2948 1284 3014 nefando

481 3069 633 3149 coniugio
655 3075 687 3129 et
709 3066 813 3130 diseat
833 3067 997 3149 persicum
1021 3068 1236 3149 aruspicium:

440 3205 516 3248 nam
538 3205 654 3267 magas
677 3205 719 3248 ex
740 3192 846 3248 matre
868 3192 901 3248 et
922 3193 1023 3268 gnato
1045 3185 1200 3267 gignatur
1223 3191 1359 3266 oportet,

481 3304 509 3368 si
532 3324 611 3368 uera
633 3312 683 3369 est
705 3302 883 3367 Persarum
907 3304 1010 3388 impia
1032 3302 1171 3384 relligio,

396 3426 416 3488 5
439 3431 560 3507 gnatus
582 3430 619 3488 ut
641 3431 772 3505 accepto
794 3430 970 3485 ueneratur
992 3422 1135 3485 earmine
1157 3418 1252 3484 diuos

477 3551 646 3624 omentum
667 3543 702 3606 in
725 3544 861 3607 flamma
881 3543 1004 3624 pingue
1026 3538 1245 3621 liquefaciens.

444 3675 604 3729 LXXXVIII
621 3677 637 3725 2
655 3676 757 3727 Proruit
767 3677 779 3742 ΙΙ
790 3677 807 3726 4
819 3677 853 3726 Et
865 3676 925 3741 quid
937 3676 949 3741 ΙΙ
961 3676 977 3724 5
989 3674 1063 3749 tlrotis
1074 3672 1086 3738 ΙΙ
1098 3670 1270 3725 nxxxvnss
1287 3673 1315 3723 ln
1330 3672 1391 3723 Gel-

377 3762 438 3814 lium
449 3761 489 3827 114
506 3768 586 3811 mater
597 3760 609 3826 ΙΙ
621 3759 740 3810 LXXXX
762 3762 782 3811 1.
799 3762 816 3810 3
833 3778 938 3825 magnus
949 3759 988 3825 116
1006 3759 1086 3809 Omne
1104 3764 1155 3807 tum
1174 3757 1201 3807 in
1219 3757 1293 3809 flama

442 3878 601 3932 LXXXVIII
622 3877 639 3927 6
657 3877 742 3927 abluat
761 3894 786 3929 ω
896 3877 912 3928 7
931 3876 997 3942 quod
1017 3868 1033 3952 β
1057 3872 1169 3941 Scaliger
1197 3875 1293 3926 Vossius
1317 3874 1393 3925 Ross-

382 3966 480 4015 bachius
581 3962 598 4013 8
616 3961 691 4029 capiti
713 3958 820 4034 Nobbias
841 3962 870 4011 de
887 3962 967 4012 metris
989 3959 1182 4026 Caallifflps.
1201 3961 1280 4013 1820.
1299 3960 1397 4027 21)11

380 4050 417 4101 10
433 4050 506 4117 (conl.
524 4046 580 4098 LX
585 4046 667 4098 1⁷11ss
684 4046 745 4113 124)

445 4132 616 4185 LXXXVIIII
633 4132 649 4182 ὅ
667 4130 775 4199 adtingit
793 4128 905 4195 Scaliger

446 4216 568 4270 Lxxxx
585 4219 603 4267 4
621 4216 719 4284 relligio
736 4214 831 4267 VIaa:
849 4215 937 4282 religio
954 4235 979 4270 ω
1014 4276 1018 4285 Ι
