<?xml version="1.0" encoding="UTF-8"?>
<!DOCTYPE html PUBLIC "-//W3C//DTD XHTML 1.0 Transitional//EN"
    "http://www.w3.org/TR/xhtml1/DTD/xhtml1-transitional.dtd">
<html xmlns="http://www.w3.org/1999/xhtml" xml:lang="en" lang="en">
 <head>
  <title>
</title>
<meta http-equiv="Content-Type" content="text/html;charset=utf-8" />
  <meta name='ocr-system' content='tesseract 3.04.00' />
  <meta name='ocr-capabilities' content='ocr_page ocr_carea ocr_par ocr_line ocrx_word'/>
</head>
<body>
  <div class='ocr_page' id='page_1' title='image "./gvalericatvllil00catugoog_0073.png"; bbox 0 0 3542 5167; ppageno 0'>
   <div class='ocr_carea' id='block_1_1' title="bbox 688 652 1021 707">
    <p class='ocr_par' dir='ltr' id='par_1_1' title="bbox 688 652 1021 707">
     <span class='ocr_line' id='line_1_1' title="bbox 688 652 1021 707; baseline -0.006 0"><span class='ocrx_word' id='word_1_1' title='bbox 688 652 776 707; x_wconf 84' lang='lat' dir='ltr'>XXIII</span> <span class='ocrx_word' id='word_1_2' title='bbox 793 652 826 704; x_wconf 90' lang='grc'>22</span> <span class='ocrx_word' id='word_1_3' title='bbox 836 652 970 706; x_wconf 91' lang='lat' dir='ltr'>-XXIIII</span> <span class='ocrx_word' id='word_1_4' title='bbox 989 653 1021 705; x_wconf 93' lang='grc'>10</span> 
     </span>
    </p>
   </div>
   <div class='ocr_carea' id='block_1_2' title="bbox 341 838 1146 1499">
    <p class='ocr_par' dir='ltr' id='par_1_2' title="bbox 406 838 1146 1155">
     <span class='ocr_line' id='line_1_2' title="bbox 409 838 1087 923; baseline -0.004 -17"><span class='ocrx_word' id='word_1_5' title='bbox 409 840 494 923; x_wconf 92' lang='lat' dir='ltr'>quod</span> <span class='ocrx_word' id='word_1_6' title='bbox 517 847 554 905; x_wconf 75' lang='lat' dir='ltr'>tu</span> <span class='ocrx_word' id='word_1_7' title='bbox 576 841 605 905; x_wconf 91' lang='lat' dir='ltr'>si</span> <span class='ocrx_word' id='word_1_8' title='bbox 631 839 785 904; x_wconf 86' lang='lat' dir='ltr'>manibus</span> <span class='ocrx_word' id='word_1_9' title='bbox 807 845 894 905; x_wconf 81' lang='lat' dir='ltr'>teres</span> <span class='ocrx_word' id='word_1_10' title='bbox 916 838 1087 921; x_wconf 64' lang='lat' dir='ltr'>dicesque,</span> 
     </span>
     <span class='ocr_line' id='line_1_3' title="bbox 406 958 1146 1052; baseline 0 -29"><span class='ocrx_word' id='word_1_11' title='bbox 406 983 473 1026; x_wconf 91' lang='lat' dir='ltr'>non</span> <span class='ocrx_word' id='word_1_12' title='bbox 496 980 642 1042; x_wconf 79' lang='lat' dir='ltr'>unquam</span> <span class='ocrx_word' id='word_1_13' title='bbox 664 958 805 1043; x_wconf 83' lang='lat' dir='ltr'><strong>digitum</strong></span> <span class='ocrx_word' id='word_1_14' title='bbox 835 959 1008 1041; x_wconf 83' lang='lat' dir='ltr'>inquinare</span> <span class='ocrx_word' id='word_1_15' title='bbox 1030 962 1146 1052; x_wconf 57' lang='lat' dir='ltr'>possis.</span> 
     </span>
     <span class='ocr_line' id='line_1_4' title="bbox 407 1076 1075 1155; baseline 0.001 -14"><span class='ocrx_word' id='word_1_16' title='bbox 407 1077 487 1143; x_wconf 86' lang='lat' dir='ltr'>haee</span> <span class='ocrx_word' id='word_1_17' title='bbox 510 1085 546 1141; x_wconf 82' lang='lat' dir='ltr'>te</span> <span class='ocrx_word' id='word_1_18' title='bbox 568 1077 738 1143; x_wconf 76' lang='lat' dir='ltr'>commoda</span> <span class='ocrx_word' id='word_1_19' title='bbox 765 1083 834 1142; x_wconf 83' lang='lat' dir='ltr'>tam</span> <span class='ocrx_word' id='word_1_20' title='bbox 856 1076 961 1155; x_wconf 83' lang='lat' dir='ltr'>beata,</span> <span class='ocrx_word' id='word_1_21' title='bbox 984 1077 1075 1155; x_wconf 84' lang='lat' dir='ltr'>Furi,</span> 
     </span>
    </p>

    <p class='ocr_par' dir='ltr' id='par_1_3' title="bbox 341 1196 1065 1499">
     <span class='ocr_line' id='line_1_5' title="bbox 341 1196 996 1279; baseline -0.005 -18"><span class='ocrx_word' id='word_1_22' title='bbox 341 1197 384 1263; x_wconf 87' lang='grc'>25</span> <span class='ocrx_word' id='word_1_23' title='bbox 406 1197 476 1261; x_wconf 89' lang='lat' dir='ltr'>noli</span> <span class='ocrx_word' id='word_1_24' title='bbox 498 1216 650 1279; x_wconf 85' lang='lat' dir='ltr'>spernere</span> <span class='ocrx_word' id='word_1_25' title='bbox 672 1216 732 1261; x_wconf 89' lang='lat' dir='ltr'>nee</span> <span class='ocrx_word' id='word_1_26' title='bbox 754 1203 870 1279; x_wconf 85' lang='lat' dir='ltr'>putare</span> <span class='ocrx_word' id='word_1_27' title='bbox 892 1196 996 1279; x_wconf 85' lang='lat' dir='ltr'>perui,</span> 
     </span>
     <span class='ocr_line' id='line_1_6' title="bbox 407 1312 975 1396; baseline -0.005 -17"><span class='ocrx_word' id='word_1_28' title='bbox 407 1322 440 1379; x_wconf 82' lang='lat' dir='ltr'>et</span> <span class='ocrx_word' id='word_1_29' title='bbox 462 1314 615 1380; x_wconf 81' lang='lat' dir='ltr'>sestertia</span> <span class='ocrx_word' id='word_1_30' title='bbox 637 1334 720 1396; x_wconf 87' lang='lat' dir='ltr'>quae</span> <span class='ocrx_word' id='word_1_31' title='bbox 743 1313 828 1378; x_wconf 86' lang='lat' dir='ltr'>soles</span> <span class='ocrx_word' id='word_1_32' title='bbox 849 1312 975 1396; x_wconf 78' lang='lat' dir='ltr'>predari</span> 
     </span>
     <span class='ocr_line' id='line_1_7' title="bbox 411 1431 1065 1499; baseline -0.006 0"><span class='ocrx_word' id='word_1_33' title='bbox 411 1441 543 1499; x_wconf 86' lang='lat' dir='ltr'>eentum</span> <span class='ocrx_word' id='word_1_34' title='bbox 566 1432 690 1498; x_wconf 88' lang='lat' dir='ltr'>desine:</span> <span class='ocrx_word' id='word_1_35' title='bbox 713 1454 791 1498; x_wconf 86' lang='lat' dir='ltr'>nam</span> <span class='ocrx_word' id='word_1_36' title='bbox 814 1438 867 1498; x_wconf 83' lang='lat' dir='ltr'>sat</span> <span class='ocrx_word' id='word_1_37' title='bbox 887 1453 919 1497; x_wconf 84' lang='lat' dir='ltr'>es</span> <span class='ocrx_word' id='word_1_38' title='bbox 941 1431 1065 1498; x_wconf 84' lang='lat' dir='ltr'>beatus.</span> 
     </span>
    </p>
   </div>
   <div class='ocr_carea' id='block_1_3' title="bbox 783 1684 930 1751">
    <p class='ocr_par' dir='ltr' id='par_1_4' title="bbox 783 1684 930 1751">
     <span class='ocr_line' id='line_1_8' title="bbox 783 1684 930 1751; baseline -0.007 0"><span class='ocrx_word' id='word_1_39' title='bbox 783 1684 930 1751; x_wconf 80' lang='lat' dir='ltr'>XXIHI</span> 
     </span>
    </p>
   </div>
   <div class='ocr_carea' id='block_1_4' title="bbox 409 1846 1022 1958">
    <p class='ocr_par' dir='ltr' id='par_1_5' title="bbox 409 1846 1022 1958">
     <span class='ocr_line' id='line_1_9' title="bbox 409 1846 1022 1958; baseline 0 -21"><span class='ocrx_word' id='word_1_40' title='bbox 409 1846 517 1958; x_wconf 73' lang='lat' dir='ltr'>(iqui</span> <span class='ocrx_word' id='word_1_41' title='bbox 545 1873 702 1941; x_wconf 88' lang='lat' dir='ltr'>flosoulus</span> <span class='ocrx_word' id='word_1_42' title='bbox 724 1896 759 1938; x_wconf 80' lang='lat' dir='ltr'>eo</span> <span class='ocrx_word' id='word_1_43' title='bbox 785 1873 1022 1949; x_wconf 84' lang='lat' dir='ltr'>quentiorum,</span> 
     </span>
    </p>
   </div>
   <div class='ocr_carea' id='block_1_5' title="bbox 344 1990 1246 3020">
    <p class='ocr_par' dir='ltr' id='par_1_6' title="bbox 366 1990 1161 2430">
     <span class='ocr_line' id='line_1_10' title="bbox 407 1990 1161 2073; baseline -0.007 -15"><span class='ocrx_word' id='word_1_44' title='bbox 407 2015 473 2059; x_wconf 90' lang='lat' dir='ltr'>non</span> <span class='ocrx_word' id='word_1_45' title='bbox 495 1993 614 2058; x_wconf 88' lang='lat' dir='ltr'>horum</span> <span class='ocrx_word' id='word_1_46' title='bbox 637 1993 743 2069; x_wconf 89' lang='lat' dir='ltr'>modo,</span> <span class='ocrx_word' id='word_1_47' title='bbox 767 1992 824 2056; x_wconf 91' lang='lat' dir='ltr'>sed</span> <span class='ocrx_word' id='word_1_48' title='bbox 849 2001 927 2073; x_wconf 83' lang='lat' dir='ltr'>quot</span> <span class='ocrx_word' id='word_1_49' title='bbox 949 1999 1007 2055; x_wconf 83' lang='lat' dir='ltr'>aut</span> <span class='ocrx_word' id='word_1_50' title='bbox 1027 1990 1161 2057; x_wconf 85' lang='lat' dir='ltr'>fuerunt</span> 
     </span>
     <span class='ocr_line' id='line_1_11' title="bbox 408 2111 1022 2195; baseline -0.007 -18"><span class='ocrx_word' id='word_1_51' title='bbox 408 2119 465 2177; x_wconf 83' lang='lat' dir='ltr'>out</span> <span class='ocrx_word' id='word_1_52' title='bbox 485 2111 623 2195; x_wconf 80' lang='lat' dir='ltr'>posthae</span> <span class='ocrx_word' id='word_1_53' title='bbox 645 2111 718 2176; x_wconf 84' lang='lat' dir='ltr'>aliis</span> <span class='ocrx_word' id='word_1_54' title='bbox 741 2116 838 2175; x_wconf 82' lang='lat' dir='ltr'>erunt</span> <span class='ocrx_word' id='word_1_55' title='bbox 859 2111 894 2173; x_wconf 92' lang='lat' dir='ltr'>in</span> <span class='ocrx_word' id='word_1_56' title='bbox 918 2111 1022 2187; x_wconf 87' lang='lat' dir='ltr'>annis,</span> 
     </span>
     <span class='ocr_line' id='line_1_12' title="bbox 408 2227 997 2294; baseline -0.003 0"><span class='ocrx_word' id='word_1_57' title='bbox 408 2231 542 2294; x_wconf 84' lang='lat' dir='ltr'>mallem</span> <span class='ocrx_word' id='word_1_58' title='bbox 565 2230 697 2294; x_wconf 82' lang='lat' dir='ltr'>diuitias</span> <span class='ocrx_word' id='word_1_59' title='bbox 720 2229 830 2293; x_wconf 80' lang='lat' dir='ltr'><strong><em>Midae</em></strong></span> <span class='ocrx_word' id='word_1_60' title='bbox 851 2227 997 2292; x_wconf 81' lang='lat' dir='ltr'>dedisses</span> 
     </span>
     <span class='ocr_line' id='line_1_13' title="bbox 366 2349 1137 2430; baseline -0.006 -18"><span class='ocrx_word' id='word_1_61' title='bbox 366 2350 386 2412; x_wconf 85' lang='lat'>5</span> <span class='ocrx_word' id='word_1_62' title='bbox 407 2349 462 2412; x_wconf 82' lang='lat' dir='ltr'>isti</span> <span class='ocrx_word' id='word_1_63' title='bbox 484 2349 560 2430; x_wconf 92' lang='lat' dir='ltr'>quoi</span> <span class='ocrx_word' id='word_1_64' title='bbox 582 2369 688 2429; x_wconf 89' lang='lat' dir='ltr'>neque</span> <span class='ocrx_word' id='word_1_65' title='bbox 710 2368 826 2413; x_wconf 88' lang='lat' dir='ltr'>seruus</span> <span class='ocrx_word' id='word_1_66' title='bbox 849 2355 899 2411; x_wconf 84' lang='lat' dir='ltr'>est</span> <span class='ocrx_word' id='word_1_67' title='bbox 926 2365 1032 2426; x_wconf 89' lang='lat' dir='ltr'>neque</span> <span class='ocrx_word' id='word_1_68' title='bbox 1054 2364 1137 2420; x_wconf 84' lang='lat' dir='ltr'>area,</span> 
     </span>
    </p>

    <p class='ocr_par' dir='ltr' id='par_1_7' title="bbox 407 2462 1246 2902">
     <span class='ocr_line' id='line_1_14' title="bbox 410 2462 1058 2548; baseline -0.008 -17"><span class='ocrx_word' id='word_1_69' title='bbox 410 2487 509 2548; x_wconf 85' lang='lat' dir='ltr'>quem</span> <span class='ocrx_word' id='word_1_70' title='bbox 531 2466 578 2530; x_wconf 89' lang='lat' dir='ltr'>sio</span> <span class='ocrx_word' id='word_1_71' title='bbox 600 2473 634 2529; x_wconf 85' lang='lat' dir='ltr'>te</span> <span class='ocrx_word' id='word_1_72' title='bbox 656 2466 779 2531; x_wconf 83' lang='lat' dir='ltr'>sineres</span> <span class='ocrx_word' id='word_1_73' title='bbox 802 2463 842 2529; x_wconf 84' lang='lat' dir='ltr'>ab</span> <span class='ocrx_word' id='word_1_74' title='bbox 864 2464 923 2528; x_wconf 92' lang='lat' dir='ltr'>illo</span> <span class='ocrx_word' id='word_1_75' title='bbox 946 2462 1058 2526; x_wconf 84' lang='lat' dir='ltr'>amori.</span> 
     </span>
     <span class='ocr_line' id='line_1_15' title="bbox 410 2580 1209 2667; baseline -0.009 -18"><span class='ocrx_word' id='word_1_76' title='bbox 410 2584 505 2667; x_wconf 73' lang='lat' dir='ltr'>‘quii</span> <span class='ocrx_word' id='word_1_77' title='bbox 534 2605 601 2648; x_wconf 92' lang='lat' dir='ltr'>non</span> <span class='ocrx_word' id='word_1_78' title='bbox 624 2583 794 2648; x_wconf 83' lang='lat' dir='ltr'>esthemo</span> <span class='ocrx_word' id='word_1_79' title='bbox 815 2580 959 2647; x_wconf 78' lang='lat' dir='ltr'>bellus‘i&#39;</span> <span class='ocrx_word' id='word_1_80' title='bbox 982 2581 1119 2661; x_wconf 88' lang='lat' dir='ltr'>inquies.</span> <span class='ocrx_word' id='word_1_81' title='bbox 1146 2585 1209 2643; x_wconf 83' lang='lat' dir='ltr'>est:</span> 
     </span>
     <span class='ocr_line' id='line_1_16' title="bbox 407 2701 1246 2784; baseline -0.008 -16"><span class='ocrx_word' id='word_1_82' title='bbox 407 2703 464 2769; x_wconf 90' lang='lat' dir='ltr'>sed</span> <span class='ocrx_word' id='word_1_83' title='bbox 487 2702 575 2766; x_wconf 90' lang='lat' dir='ltr'>bello</span> <span class='ocrx_word' id='word_1_84' title='bbox 595 2701 673 2766; x_wconf 86' lang='lat' dir='ltr'>huie</span> <span class='ocrx_word' id='word_1_85' title='bbox 699 2721 805 2784; x_wconf 90' lang='lat' dir='ltr'>neque</span> <span class='ocrx_word' id='word_1_86' title='bbox 827 2721 942 2765; x_wconf 89' lang='lat' dir='ltr'>seruus</span> <span class='ocrx_word' id='word_1_87' title='bbox 966 2708 1015 2764; x_wconf 86' lang='lat' dir='ltr'>est</span> <span class='ocrx_word' id='word_1_88' title='bbox 1036 2719 1142 2779; x_wconf 88' lang='lat' dir='ltr'>neque</span> <span class='ocrx_word' id='word_1_89' title='bbox 1163 2716 1246 2763; x_wconf 82' lang='lat' dir='ltr'>area.</span> 
     </span>
     <span class='ocr_line' id='line_1_17' title="bbox 407 2819 1073 2902; baseline -0.005 -18"><span class='ocrx_word' id='word_1_90' title='bbox 407 2821 487 2885; x_wconf 83' lang='lat' dir='ltr'>haee</span> <span class='ocrx_word' id='word_1_91' title='bbox 516 2830 553 2885; x_wconf 84' lang='lat' dir='ltr'>tu</span> <span class='ocrx_word' id='word_1_92' title='bbox 575 2840 639 2902; x_wconf 84' lang='lat' dir='ltr'>qua</span> <span class='ocrx_word' id='word_1_93' title='bbox 666 2819 759 2883; x_wconf 82' lang='lat' dir='ltr'>lubet</span> <span class='ocrx_word' id='word_1_94' title='bbox 780 2819 871 2884; x_wconf 80' lang='lat' dir='ltr'>abice</span> <span class='ocrx_word' id='word_1_95' title='bbox 900 2820 1073 2902; x_wconf 84' lang='lat' dir='ltr'>eleuaque:</span> 
     </span>
    </p>

    <p class='ocr_par' dir='ltr' id='par_1_8' title="bbox 344 2937 1226 3020">
     <span class='ocr_line' id='line_1_18' title="bbox 344 2937 1226 3020; baseline -0.005 -17"><span class='ocrx_word' id='word_1_96' title='bbox 344 2939 385 3003; x_wconf 88' lang='lat'>10</span> <span class='ocrx_word' id='word_1_97' title='bbox 407 2959 467 3003; x_wconf 87' lang='lat' dir='ltr'>neo</span> <span class='ocrx_word' id='word_1_98' title='bbox 489 2960 624 3003; x_wconf 85' lang='lat' dir='ltr'>seruum</span> <span class='ocrx_word' id='word_1_99' title='bbox 647 2944 757 3003; x_wconf 82' lang='lat' dir='ltr'>tamen</span> <span class='ocrx_word' id='word_1_100' title='bbox 779 2938 836 3002; x_wconf 91' lang='lat' dir='ltr'>ille</span> <span class='ocrx_word' id='word_1_101' title='bbox 858 2937 958 3002; x_wconf 83' lang='lat' dir='ltr'>hebet</span> <span class='ocrx_word' id='word_1_102' title='bbox 980 2957 1087 3020; x_wconf 89' lang='lat' dir='ltr'>neque</span> <span class='ocrx_word' id='word_1_103' title='bbox 1109 2954 1226 3004; x_wconf 85' lang='lat' dir='ltr'>aream.</span> 
     </span>
    </p>
   </div>
   <div class='ocr_carea' id='block_1_6' title="bbox 342 3206 1356 3362">
    <p class='ocr_par' dir='ltr' id='par_1_9' title="bbox 342 3206 1356 3362">
     <span class='ocr_line' id='line_1_19' title="bbox 342 3206 1356 3278; baseline -0.002 -15"><span class='ocrx_word' id='word_1_104' title='bbox 342 3213 375 3263; x_wconf 89' lang='grc'>23</span> <span class='ocrx_word' id='word_1_105' title='bbox 393 3229 478 3278; x_wconf 88' lang='lat' dir='ltr'>posses</span> <span class='ocrx_word' id='word_1_106' title='bbox 502 3221 514 3267; x_wconf 85' lang='grc' dir='ltr'>Η</span> <span class='ocrx_word' id='word_1_107' title='bbox 538 3210 572 3260; x_wconf 82' lang='grc'>24</span> <span class='ocrx_word' id='word_1_108' title='bbox 588 3218 632 3260; x_wconf 83' lang='lat' dir='ltr'>tue</span> <span class='ocrx_word' id='word_1_109' title='bbox 655 3219 667 3266; x_wconf 83' lang='grc' dir='ltr'>Η</span> <span class='ocrx_word' id='word_1_110' title='bbox 691 3211 724 3261; x_wconf 78' lang='grc'>27</span> <span class='ocrx_word' id='word_1_111' title='bbox 744 3211 805 3262; x_wconf 81' lang='lat' dir='ltr'>setis</span> <span class='ocrx_word' id='word_1_112' title='bbox 822 3211 912 3262; x_wconf 71' lang='lat' dir='ltr'>beatus</span> <span class='ocrx_word' id='word_1_113' title='bbox 936 3220 948 3267; x_wconf 84' lang='grc' dir='ltr'>ΙΙ</span> <span class='ocrx_word' id='word_1_114' title='bbox 973 3210 1074 3261; x_wconf 87' lang='lat' dir='ltr'>XXIIII</span> <span class='ocrx_word' id='word_1_115' title='bbox 1093 3212 1105 3261; x_wconf 94' lang='lat'>1</span> <span class='ocrx_word' id='word_1_116' title='bbox 1125 3219 1164 3261; x_wconf 80' lang='lat' dir='ltr'>est</span> <span class='ocrx_word' id='word_1_117' title='bbox 1187 3217 1199 3265; x_wconf 97' lang='grc' dir='ltr'>ΙΙ</span> <span class='ocrx_word' id='word_1_118' title='bbox 1224 3206 1323 3273; x_wconf 64' lang='lat' dir='ltr'>equod</span> <span class='ocrx_word' id='word_1_119' title='bbox 1344 3213 1356 3261; x_wconf 96' lang='grc' dir='ltr'>ΙΙ</span> 
     </span>
     <span class='ocr_line' id='line_1_20' title="bbox 343 3296 1117 3362; baseline -0.004 -15"><span class='ocrx_word' id='word_1_120' title='bbox 343 3297 406 3347; x_wconf 70' lang='lat' dir='ltr'>emt</span> <span class='ocrx_word' id='word_1_121' title='bbox 424 3296 538 3347; x_wconf 84' lang='lat' dir='ltr'>dedisses</span> <span class='ocrx_word' id='word_1_122' title='bbox 563 3303 575 3350; x_wconf 91' lang='grc' dir='ltr'>ΙΙ</span> <span class='ocrx_word' id='word_1_123' title='bbox 599 3298 614 3344; x_wconf 84' lang='grc'>5</span> <span class='ocrx_word' id='word_1_124' title='bbox 638 3296 681 3361; x_wconf 84' lang='lat' dir='ltr'>qui</span> <span class='ocrx_word' id='word_1_125' title='bbox 699 3297 771 3361; x_wconf 82' lang='lat' dir='ltr'>(secr.</span> <span class='ocrx_word' id='word_1_126' title='bbox 791 3296 846 3361; x_wconf 88' lang='lat' dir='ltr'>oui)</span> <span class='ocrx_word' id='word_1_127' title='bbox 863 3296 1037 3362; x_wconf 85' lang='lat' dir='ltr'>neque.(sser.</span> <span class='ocrx_word' id='word_1_128' title='bbox 1056 3297 1117 3358; x_wconf 90' lang='lat' dir='ltr'>nee)</span> 
     </span>
    </p>
   </div>
   <div class='ocr_carea' id='block_1_7' title="bbox 344 3473 1365 3885">
    <p class='ocr_par' dir='ltr' id='par_1_10' title="bbox 344 3473 1363 3631">
     <span class='ocr_line' id='line_1_21' title="bbox 344 3473 1363 3559; baseline -0.009 -27"><span class='ocrx_word' id='word_1_129' title='bbox 344 3482 478 3533; x_wconf 82' lang='lat' dir='ltr'>esuritione</span> <span class='ocrx_word' id='word_1_130' title='bbox 497 3475 539 3559; x_wconf 83' lang='grc' dir='ltr'>βω</span> <span class='ocrx_word' id='word_1_131' title='bbox 564 3482 618 3533; x_wconf 87' lang='lat' dir='ltr'>Lm.</span> <span class='ocrx_word' id='word_1_132' title='bbox 638 3482 668 3545; x_wconf 82' lang='lat' dir='ltr'>cs.</span> <span class='ocrx_word' id='word_1_133' title='bbox 686 3480 721 3529; x_wconf 83' lang='lat' dir='ltr'>od</span> <span class='ocrx_word' id='word_1_134' title='bbox 737 3478 808 3530; x_wconf 85' lang='lat' dir='ltr'>XXI</span> <span class='ocrx_word' id='word_1_135' title='bbox 825 3481 847 3530; x_wconf 89' lang='lat'>1.</span> <span class='ocrx_word' id='word_1_136' title='bbox 867 3478 900 3529; x_wconf 84' lang='lat'>10</span> <span class='ocrx_word' id='word_1_137' title='bbox 1011 3479 1041 3529; x_wconf 83' lang='lat'>21</span> <span class='ocrx_word' id='word_1_138' title='bbox 1064 3477 1157 3543; x_wconf 89' lang='lat' dir='ltr'>lupillis</span> <span class='ocrx_word' id='word_1_139' title='bbox 1175 3476 1251 3526; x_wconf 81' lang='lat' dir='ltr'>Ionos</span> <span class='ocrx_word' id='word_1_140' title='bbox 1273 3473 1363 3534; x_wconf 70' lang='grc' dir='ltr'>(ιίιίἰιὶ-Ι</span> 
     </span>
     <span class='ocr_line' id='line_1_22' title="bbox 344 3559 1235 3631; baseline -0.007 -16"><span class='ocrx_word' id='word_1_141' title='bbox 344 3584 394 3616; x_wconf 77' lang='lat' dir='ltr'>inus</span> <span class='ocrx_word' id='word_1_142' title='bbox 416 3567 447 3615; x_wconf 54' lang='lat' dir='ltr'>in*</span> <span class='ocrx_word' id='word_1_143' title='bbox 463 3565 503 3616; x_wconf 85' lang='lat' dir='ltr'>Pl·</span> <span class='ocrx_word' id='word_1_144' title='bbox 522 3565 596 3618; x_wconf 74' lang='lat' dir='ltr'>Stich.</span> <span class='ocrx_word' id='word_1_145' title='bbox 616 3574 707 3631; x_wconf 79' lang='lat' dir='ltr'>quaest.</span> <span class='ocrx_word' id='word_1_146' title='bbox 730 3563 809 3627; x_wconf 59' lang='lat' dir='ltr'>Mes.</span> <span class='ocrx_word' id='word_1_147' title='bbox 831 3561 930 3612; x_wconf 68' lang='lat' dir='ltr'>Grates·</span> <span class='ocrx_word' id='word_1_148' title='bbox 949 3564 1036 3628; x_wconf 83' lang='lat' dir='ltr'><strong><em>Lamp.</em></strong></span> <span class='ocrx_word' id='word_1_149' title='bbox 1053 3562 1105 3613; x_wconf 91' lang='grc' dir='ltr'>ΙΙΙ</span> <span class='ocrx_word' id='word_1_150' title='bbox 1119 3561 1138 3611; x_wconf 89' lang='grc'><em>2</em></span> <span class='ocrx_word' id='word_1_151' title='bbox 1166 3559 1235 3622; x_wconf 69' lang='grc'>446)</span> 
     </span>
    </p>

    <p class='ocr_par' dir='ltr' id='par_1_11' title="bbox 344 3643 1365 3885">
     <span class='ocr_line' id='line_1_23' title="bbox 344 3643 1364 3715; baseline -0.008 -15"><span class='ocrx_word' id='word_1_152' title='bbox 344 3650 378 3700; x_wconf 88' lang='grc'>23</span> <span class='ocrx_word' id='word_1_153' title='bbox 399 3668 485 3715; x_wconf 88' lang='lat' dir='ltr'>posses</span> <span class='ocrx_word' id='word_1_154' title='bbox 514 3650 719 3701; x_wconf 74' lang='lat' dir='ltr'>VLaeImannuo</span> <span class='ocrx_word' id='word_1_155' title='bbox 742 3649 766 3697; x_wconf 81' lang='lat' dir='ltr'>in</span> <span class='ocrx_word' id='word_1_156' title='bbox 788 3646 886 3697; x_wconf 79' lang='lat' dir='ltr'>editione</span> <span class='ocrx_word' id='word_1_157' title='bbox 906 3650 988 3711; x_wconf 86' lang='lat' dir='ltr'>priore</span> <span class='ocrx_word' id='word_1_158' title='bbox 1010 3648 1115 3715; x_wconf 80' lang='lat' dir='ltr'>Heysius</span> <span class='ocrx_word' id='word_1_159' title='bbox 1222 3643 1255 3695; x_wconf 81' lang='grc'>27</span> <span class='ocrx_word' id='word_1_160' title='bbox 1277 3652 1315 3694; x_wconf 82' lang='lat' dir='ltr'>sat</span> <span class='ocrx_word' id='word_1_161' title='bbox 1336 3657 1364 3693; x_wconf 86' lang='lat' dir='ltr'>es</span> 
     </span>
     <span class='ocr_line' id='line_1_24' title="bbox 345 3727 1365 3812; baseline -0.009 -28"><span class='ocrx_word' id='word_1_162' title='bbox 345 3735 433 3810; x_wconf 62' lang='lat' dir='ltr'>beatus</span> <span class='ocrx_word' id='word_1_163' title='bbox 449 3729 477 3812; x_wconf 76' lang='grc' dir='ltr'>βε</span> <span class='ocrx_word' id='word_1_164' title='bbox 506 3736 567 3786; x_wconf 75' lang='lat' dir='ltr'>sotis</span> <span class='ocrx_word' id='word_1_165' title='bbox 588 3738 677 3787; x_wconf 86' lang='lat' dir='ltr'>beetue</span> <span class='ocrx_word' id='word_1_166' title='bbox 707 3733 732 3784; x_wconf 89' lang='lat' dir='ltr'><em>V</em></span> <span class='ocrx_word' id='word_1_167' title='bbox 749 3731 863 3797; x_wconf 75' lang='lat' dir='ltr'>Silliyius</span> <span class='ocrx_word' id='word_1_168' title='bbox 894 3734 954 3785; x_wconf 81' lang='lat' dir='ltr'>estis</span> <span class='ocrx_word' id='word_1_169' title='bbox 982 3734 1080 3785; x_wconf 80' lang='lat' dir='ltr'>beatu&#39;s</span> <span class='ocrx_word' id='word_1_170' title='bbox 1112 3732 1235 3798; x_wconf 72' lang='lat' dir='ltr'>Berykies</span> <span class='ocrx_word' id='word_1_171' title='bbox 1264 3727 1365 3796; x_wconf 83' lang='lat' dir='ltr'>(recepit</span> 
     </span>
     <span class='ocr_line' id='line_1_25' title="bbox 347 3815 1130 3885; baseline 0.001 -18"><span class='ocrx_word' id='word_1_172' title='bbox 347 3815 525 3883; x_wconf 77' lang='lat' dir='ltr'>Rossbachius)</span> <span class='ocrx_word' id='word_1_173' title='bbox 545 3820 651 3870; x_wconf 78' lang='lat' dir='ltr'>Centum</span> <span class='ocrx_word' id='word_1_174' title='bbox 668 3819 755 3871; x_wconf 87' lang='lat' dir='ltr'>desine</span> <span class='ocrx_word' id='word_1_175' title='bbox 773 3817 823 3881; x_wconf 79' lang='lat' dir='ltr'>iem</span> <span class='ocrx_word' id='word_1_176' title='bbox 841 3818 902 3869; x_wconf 80' lang='lat' dir='ltr'>setis</span> <span class='ocrx_word' id='word_1_177' title='bbox 920 3820 1008 3870; x_wconf 73' lang='lat' dir='ltr'>beatus</span> <span class='ocrx_word' id='word_1_178' title='bbox 1026 3817 1130 3885; x_wconf 76' lang='lat' dir='ltr'>Heysiue</span> 
     </span>
    </p>
   </div>
   <div class='ocr_carea' id='block_1_8' title="bbox 346 3930 1363 4267">
    <p class='ocr_par' dir='ltr' id='par_1_12' title="bbox 346 3930 1363 4267">
     <span class='ocr_line' id='line_1_26' title="bbox 414 3930 1363 4013; baseline -0.011 -25"><span class='ocrx_word' id='word_1_179' title='bbox 414 3938 548 3989; x_wconf 89' lang='lat' dir='ltr'>XXIIII4</span> <span class='ocrx_word' id='word_1_180' title='bbox 571 3939 656 3990; x_wconf 79' lang='lat' dir='ltr'>Midae</span> <span class='ocrx_word' id='word_1_181' title='bbox 674 3937 796 3989; x_wconf 73' lang='lat' dir='ltr'>[Vossius</span> <span class='ocrx_word' id='word_1_182' title='bbox 814 3941 863 3989; x_wconf 82' lang='lat' dir='ltr'>obs.</span> <span class='ocrx_word' id='word_1_183' title='bbox 884 3938 932 3989; x_wconf 68' lang='grc' dir='ltr'>ὅθι</span> <span class='ocrx_word' id='word_1_184' title='bbox 955 3940 989 3990; x_wconf 90' lang='lat' dir='ltr'>mi</span> <span class='ocrx_word' id='word_1_185' title='bbox 1017 3938 1043 3989; x_wconf 79' lang='lat' dir='ltr'><strong><em>V</em></strong></span> <span class='ocrx_word' id='word_1_186' title='bbox 1060 3938 1121 3988; x_wconf 89' lang='lat' dir='ltr'>mihi</span> <span class='ocrx_word' id='word_1_187' title='bbox 1141 3931 1183 4013; x_wconf 88' lang='grc' dir='ltr'>βω</span> <span class='ocrx_word' id='word_1_188' title='bbox 1205 3933 1304 3985; x_wconf 80' lang='lat' dir='ltr'>diuitias</span> <span class='ocrx_word' id='word_1_189' title='bbox 1326 3930 1363 3979; x_wconf 83' lang='lat' dir='ltr'>uti</span> 
     </span>
     <span class='ocr_line' id='line_1_27' title="bbox 346 4016 1362 4088; baseline -0.009 -14"><span class='ocrx_word' id='word_1_190' title='bbox 346 4023 459 4074; x_wconf 86' lang='lat' dir='ltr'>dedisses</span> <span class='ocrx_word' id='word_1_191' title='bbox 477 4022 667 4073; x_wconf 70' lang='lat' dir='ltr'>Lacinienses*</span> <span class='ocrx_word' id='word_1_192' title='bbox 687 4024 710 4073; x_wconf 84' lang='lat' dir='ltr'>in</span> <span class='ocrx_word' id='word_1_193' title='bbox 727 4023 825 4073; x_wconf 81' lang='lat' dir='ltr'>editione</span> <span class='ocrx_word' id='word_1_194' title='bbox 840 4026 923 4088; x_wconf 83' lang='lat' dir='ltr'>priore</span> <span class='ocrx_word' id='word_1_195' title='bbox 940 4022 1037 4075; x_wconf 76' lang='lat' dir='ltr'>coniecit</span> <span class='ocrx_word' id='word_1_196' title='bbox 1137 4022 1154 4072; x_wconf 82' lang='lat'>9</span> <span class='ocrx_word' id='word_1_197' title='bbox 1176 4020 1245 4070; x_wconf 80' lang='lat' dir='ltr'>Haeo</span> <span class='ocrx_word' id='word_1_198' title='bbox 1264 4016 1317 4082; x_wconf 85' lang='grc' dir='ltr'>(ω)</span> <span class='ocrx_word' id='word_1_199' title='bbox 1335 4023 1362 4066; x_wconf 85' lang='lat' dir='ltr'>to</span> 
     </span>
     <span class='ocr_line' id='line_1_28' title="bbox 346 4099 1291 4181; baseline -0.006 -24"><span class='ocrx_word' id='word_1_200' title='bbox 346 4125 395 4174; x_wconf 81' lang='lat' dir='ltr'>quo</span> <span class='ocrx_word' id='word_1_201' title='bbox 412 4107 462 4172; x_wconf 81' lang='lat' dir='ltr'>(sic</span> <span class='ocrx_word' id='word_1_202' title='bbox 488 4106 601 4170; x_wconf 79' lang='lat' dir='ltr'>Vossius)</span> <span class='ocrx_word' id='word_1_203' title='bbox 619 4116 675 4171; x_wconf 80' lang='lat' dir='ltr'>poto</span> <span class='ocrx_word' id='word_1_204' title='bbox 693 4106 717 4156; x_wconf 82' lang='lat' dir='ltr'>in</span> <span class='ocrx_word' id='word_1_205' title='bbox 742 4105 767 4156; x_wconf 85' lang='lat' dir='ltr'><em>V</em></span> <span class='ocrx_word' id='word_1_206' title='bbox 770 4108 865 4171; x_wconf 63' lang='lat' dir='ltr'>fussee:</span> <span class='ocrx_word' id='word_1_207' title='bbox 882 4109 937 4161; x_wconf 87' lang='lat' dir='ltr'>Hoe</span> <span class='ocrx_word' id='word_1_208' title='bbox 954 4117 981 4159; x_wconf 84' lang='lat' dir='ltr'>tu</span> <span class='ocrx_word' id='word_1_209' title='bbox 999 4122 1073 4171; x_wconf 82' lang='lat' dir='ltr'>quem</span> <span class='ocrx_word' id='word_1_210' title='bbox 1092 4099 1109 4181; x_wconf 87' lang='grc' dir='ltr'>β</span> <span class='ocrx_word' id='word_1_211' title='bbox 1124 4101 1236 4169; x_wconf 70' lang='lat' dir='ltr'>Silliyius</span> <span class='ocrx_word' id='word_1_212' title='bbox 1245 4101 1291 4151; x_wconf 87' lang='lat' dir='ltr'>Lm</span> 
     </span>
     <span class='ocr_line' id='line_1_29' title="bbox 346 4182 775 4267; baseline -0.014 -23"><span class='ocrx_word' id='word_1_213' title='bbox 346 4193 417 4254; x_wconf 75' lang='lat' dir='ltr'>sbiee</span> <span class='ocrx_word' id='word_1_214' title='bbox 442 4191 615 4257; x_wconf 79' lang='lat' dir='ltr'>VHooptius:</span> <span class='ocrx_word' id='word_1_215' title='bbox 633 4182 713 4240; x_wconf 69' lang='lat' dir='ltr'>obiice</span> <span class='ocrx_word' id='word_1_216' title='bbox 732 4184 775 4267; x_wconf 82' lang='grc' dir='ltr'>βω</span> 
     </span>
    </p>
   </div>
   <div class='ocr_carea' id='block_1_9' title="bbox 0 0 1781 5167">
    <p class='ocr_par' dir='ltr' id='par_1_13' title="bbox 0 0 1781 5167">
     <span class='ocr_line' id='line_1_30' title="bbox 0 0 1781 5167; baseline 0 0"><span class='ocrx_word' id='word_1_217' title='bbox 0 0 1781 5167; x_wconf 95' lang='lat' dir='ltr'> </span> 
     </span>
    </p>
   </div>
  </div>
 </body>
</html>
