3542 5167
744 698 829 754 nxvl
846 699 946 751 9-21

399 883 581 967 fulgentem
606 885 703 962 clare,
726 907 826 969 quam
848 888 969 952 cunctis
990 888 1051 952 illa
1073 888 1208 952 deorum

335 1000 376 1064 10
441 1001 528 1067 leuia
549 1003 748 1085 protendens
772 1005 906 1071 brachia
927 1006 1074 1089 pollieita
1096 1016 1156 1083 est,

397 1142 461 1201 qua
483 1144 538 1186 rex
560 1131 756 1205 tempestate
778 1144 864 1188 nouo
887 1132 1004 1189 auetus
1027 1126 1209 1210 hymenaeo

438 1250 607 1306 aestatum
629 1244 707 1307 finis
728 1243 836 1307 iuerat
858 1244 1011 1327 assyrios,

395 1357 506 1424 duleia
527 1370 706 1426 noeturnae
728 1371 864 1444 portans
886 1361 1029 1444 uestigia
1049 1362 1140 1425 rixae

437 1499 537 1561 qnam
559 1480 600 1543 de
621 1481 781 1564 uirgineis
804 1490 951 1563 gesserat
972 1480 1113 1546 exuuiis.

334 1596 376 1657 15
400 1607 492 1661 estne
514 1599 610 1663 nouis
633 1600 746 1681 nuptis
769 1598 843 1663 odio
865 1599 981 1662 Venus
1004 1607 1101 1679 atque
1123 1607 1296 1680 parentum

440 1717 641 1782 frustrantur
661 1718 759 1782 salsis
781 1716 903 1801 gaudia
924 1717 1115 1794 lacrimulis,

396 1834 541 1900 ubertim
563 1837 702 1901 thalami
724 1858 806 1919 quas
828 1838 918 1901 intra
939 1836 1059 1900 limina
1080 1834 1251 1900 fundunt?

439 1975 513 2031 non,
535 1956 584 2019 ita
605 1976 658 2020 me
680 1955 761 2033 diui,
784 1977 864 2020 uera
885 1963 1034 2039 gemunt,
1058 1956 1187 2019 iuerint.

396 2070 430 2134 id
452 2092 526 2136 mea
549 2094 602 2138 me
623 2073 740 2138 multis
762 2073 873 2139 docuit
895 2074 1010 2157 regina
1032 2074 1175 2155 querelis

333 2189 375 2254 20
441 2192 606 2256 inuisente
627 2213 713 2258 nouo
735 2191 860 2274 praelia
882 2203 977 2257 torua
999 2193 1079 2257 uiro.

396 2331 439 2373 aa
460 2320 496 2375 tu
518 2332 584 2375 non
607 2311 724 2377 orbum
747 2312 836 2377 luxti
858 2311 988 2376 deserta
1009 2310 1127 2386 oubile,

332 2617 349 2668 9
371 2618 455 2669 multis
476 2619 519 2669 illa
541 2619 645 2670 dearum
669 2619 682 2667 ll
709 2620 737 2669 11
762 2618 846 2679 Quare
869 2635 901 2668 ex
928 2618 941 2666 ll
969 2618 998 2667 12
1023 2617 1127 2669 Vestam
1154 2619 1166 2665 ll
1190 2617 1254 2668 ierat
1282 2618 1295 2665 ΙΙ
1321 2618 1352 2668 16

332 2703 401 2753 lslsis
425 2704 437 2750 ll
459 2703 489 2754 l'l
507 2704 602 2755 lumine
624 2705 637 2752 ll
659 2704 690 2754 18
708 2704 751 2754 diu
775 2704 787 2751 ll
807 2704 916 2755 iruerint
939 2703 951 2752 ll
971 2704 1002 2753 21
1022 2705 1058 2753 At

331 2940 495 2993 Rossbachius
513 2943 552 3009 (de
568 2945 690 3009 scriptura
706 2942 827 2994 Berenice
845 2943 877 3007 cs.
896 2940 1025 2993 Niebabiii
1041 2958 1119 3006 opusc.
1137 2939 1157 2990 Ι
1170 2940 1250 3008 237).·
1267 2942 1350 2994 EBe·

331 3029 430 3080 reniceo
451 3045 477 3081 (u
495 3028 541 3077 Lm
561 3028 750 3081 EBerouioaeo
769 3027 934 3078 Rossbachius
952 3028 1055 3087 coemat,
1074 3027 1261 3078 EBeronicese
1279 3025 1304 3077 Τ
1300 3026 1350 3077 Fa-

330 3114 370 3162 ber
399 3112 581 3165 Valckenarius.
620 3112 680 3165 bunc
701 3132 793 3164 uersum
815 3114 921 3179 respexit
937 3121 1010 3177 pacta
1032 3112 1125 3178 iynotus
1147 3112 1172 3161 ia
1194 3110 1283 3165 anthol.
1308 3110 1350 3164 lat.

329 3197 453 3259 111172,
474 3200 490 3250 8
506 3198 591 3250 Burm.
604 3200 725 3264 =1565,
753 3202 769 3250 8
787 3197 883 3265 Meyea
904 3199 925 3248 ll
943 3197 1091 3249 beronicaeo
1109 3197 1240 3247 detonsum
1256 3197 1351 3248 uertice

329 3284 423 3334 crinem
445 3285 543 3336 Retulit
566 3286 678 3359 esuriens
700 3284 813 3336 Graecus
834 3285 860 3336 in
882 3293 953 3335 astra
973 3284 1059 3334 Conon
1175 3282 1190 3331 9
1213 3291 1236 3331 et
1259 3281 1290 3331 10
1312 3281 1352 3331 del

338 3368 509 3420 Valckenarius
619 3370 748 3421 9cunotis
765 3369 889 3435 Hauptius
906 3387 945 3433 qu.
965 3369 996 3418 81
1014 3366 1095 3417 Lm&
1120 3366 1203 3416 multis
1229 3365 1350 3418 VtuLm

330 3454 409 3504 cuiuis
431 3454 595 3506 Froelelicbius
618 3454 718 3521 templis
739 3454 841 3505 Pollius
865 3455 915 3504 lect.
935 3454 972 3504 55
1076 3451 1180 3500 deorum
1199 3442 1242 3525 βω
1264 3448 1349 3515 (Hp.)

330 3538 401 3588 Lm‘:
418 3540 522 3591 dearum
547 3539 610 3594 Vas
629 3539 676 3589 Lm
698 3540 744 3604 (ff.
768 3539 839 3589 etium
857 3535 987 3588 LMueller
1004 3534 1032 3584 de
1048 3551 1075 3583 re
1092 3543 1157 3587 metr.
1176 3532 1247 3597 377)
1318 3533 1350 3584 10

329 3624 465 3689 pollicitust
481 3624 528 3674 Lm
546 3625 585 3689 (ff
604 3624 640 3683 ad
656 3625 751 3674 Lucret.
767 3642 793 3688 p.
815 3624 862 3683 66)
963 3623 990 3671 ll
1011 3629 1105 3671 mactus
1123 3620 1196 3669 Aaou
1213 3618 1291 3669 Fabri
1308 3618 1352 3687 (ad

333 3706 426 3761 cattia.
444 3709 480 3760 cd.
498 3709 560 3761 Em.
577 3709 597 3759 Ι
611 3710 678 3775 376)
702 3707 827 3773 Witbofius
852 3707 1027 3759 Valckenarius
1045 3707 1167 3757 abductus
1186 3704 1349 3756 Froeblicbius

329 3796 400 3846 nonis
422 3808 510 3847 suetus
534 3796 679 3862 hymenaeis
701 3795 821 3845 Auentius
928 3795 959 3844 15
976 3801 1051 3859 atque
1076 3790 1098 3841 V
1122 3790 1220 3842 Vossius
1248 3790 1348 3841 Valcke-

329 3881 412 3930 aarum
434 3879 539 3931 Orellius
557 3880 670 3947 Silliqius
687 3881 808 3948 Heysius:
827 3897 891 3931 anne
910 3871 953 3957 βω
974 3879 1021 3929 Lm
1094 3878 1125 3928 16
1142 3877 1214 3928 salsis
1231 3875 1349 3940 Heysias:

328 3964 398 4017 falsis
418 3964 444 4015 V
456 3984 481 4021 ω
500 3967 546 4016 Lm
665 3967 697 4017 21
721 3970 763 4018 An
784 3975 896 4031 eucarpio
918 3964 1015 4014 Perreii
1034 3972 1057 4013 et
1078 3961 1199 4011 Mintarui
1219 3958 1348 4009 Suetonius

329 4050 402 4101 Lm*:
419 4053 454 4103 As
477 4051 502 4101 V
516 4068 540 4105 ω
566 4051 611 4101 Lm
628 4051 663 4101 Et
680 4044 723 4127 βω
746 4049 859 4116 Silliqius
880 4053 933 4101 Aut
955 4047 1125 4111 Hertzberqius
1147 4063 1212 4095 cortu.
1233 4061 1305 4109 qerm.
1320 4061 1348 4107 p.

328 4136 381 4187 139
399 4138 433 4188 ltu
449 4146 477 4188 tu
494 4154 556 4188 uero
574 4136 649 4203 (uere
668 4134 807 4201 Ramisrus)
826 4162 860 4171 -
877 4136 912 4185 Et
929 4132 1014 4183 fratris
1040 4129 1138 4180 Vossius
1156 4131 1189 4180 lit
1206 4138 1234 4180 tu
1252 4147 1301 4180 non
1314 4158 1348 4168 -

328 4222 363 4273 Et
379 4222 464 4275 fratris
482 4220 630 4273 Flacobsius
648 4220 673 4269 iu
695 4220 794 4270 editiora
812 4219 969 4284 doaiuyiuaa
986 4215 1065 4267 alteru
1083 4215 1118 4266 Vt
1135 4223 1162 4265 tu
1181 4231 1246 4266 uuna
1264 4244 1296 4251 -
1314 4215 1348 4267 Et
