3542 5167
836 1123 941 1188 1.

403 1272 490 1376 lluoi
512 1303 597 1370 dono
619 1306 765 1389 lepidum
787 1329 911 1375 nouum
935 1311 1087 1378 libellum

400 1423 494 1489 arida
515 1424 612 1490 modo
634 1426 763 1510 pumice
784 1430 988 1512 expolitum?

403 1632 416 1683 1
441 1629 482 1682 Ad
501 1629 644 1683 Cornelium
672 1591 686 1689 l!
716 1634 728 1684 l
753 1632 802 1695 Qui
831 1643 844 1693 ΙΙ
873 1634 890 1685 2
913 1633 992 1686 Arido
1018 1634 1057 1687 nel
1073 1633 1167 1686 Arrido
1190 1642 1203 1690 11
1227 1632 1316 1700 punice
1336 1640 1349 1689 11

405 1752 418 1803 Ι
443 1751 535 1804 1⁴cui
558 1752 623 1804 douo
645 1752 756 1820 lepidum
778 1770 870 1806 nouum
893 1754 1018 1806 libellum'
1047 1753 1199 1806 Veronensis
1225 1752 1261 1803 ait
1283 1756 1357 1818 poeta

336 1838 459 1905 quondum
476 1838 597 1889 Amonius
612 1839 691 1903 praes.
713 1838 748 1889 cd
763 1838 882 1890 Paoausm
895 1858 923 1905 p.
935 1840 992 1891 332
1009 1839 1070 1906 Rip.
1093 1838 1152 1893 dein
1170 1838 1283 1905 cogitans
1300 1851 1355 1885 me·

336 1912 1357 1999 mmmmmwwmfflmmmmo

336 2012 420 2062 uerius
438 2009 500 2060 ‘Cui
518 2009 583 2062 dono
601 2008 730 2076 illepidum
749 2010 837 2061 rudem
854 2008 987 2071 libellum’,
1010 2027 1059 2062 non
1082 2009 1125 2060 diu
1148 2006 1261 2074 quaesiui
1274 2005 1355 2070 praef.

334 2096 418 2162 qnpis’
434 2112 462 2161 p.
474 2094 526 2145 183
629 2095 652 2146 1.
673 2094 690 2145 2
712 2093 854 2147 οἰταιιωοίἀί
876 2095 956 2148 libros
972 2093 1074 2147 Siciliae
1096 2093 1202 2160 primum
1224 2089 1356 2143 increbuit.

336 2198 393 2232 num
410 2179 490 2247 primo
502 2178 699 2246 pumicabantur.
717 2179 783 2233 unde
795 2187 823 2232 et
834 2180 947 2234 Catullus
959 2180 996 2233 uit
1013 2180 1074 2232 ‘Cui
1094 2207 1124 2217 -
1137 2173 1288 2245 expolitum'
1305 2174 1356 2224 Isi-

337 2265 409 2314 dorm
430 2265 489 2330 oriq.
515 2262 629 2315 71123
714 2264 762 2333 (1)
779 2264 804 2318 2.
820 2266 845 2318 3.
861 2267 880 2317 4
896 2267 939 2318 uel
956 2265 1101 2318 ueronensis
1113 2257 1355 2326 Catullus‘..(pri·

337 2369 387 2400 mne
404 2368 487 2400 uersus
505 2350 530 2399 in
547 2349 625 2399 codice
647 2350 750 2400 amissus
767 2351 817 2417 est)
834 2351 916 2403 Arido
933 2381 966 2389 -
984 2348 1074 2417 nugas'
1097 2348 1171 2402 solsol.
1193 2362 1313 2397 neronem,
1331 2344 1356 2393 in

345 2436 414 2502 Vero.
428 2435 499 2501 eeloq.
515 2435 559 2486 61
573 2453 598 2499 p.
611 2434 646 2485 73
657 2434 736 2485 Keilii
803 2435 827 2489 1.
840 2436 864 2488 2.
876 2436 894 2488 4
912 2436 1039 2502 Exemplis
1051 2434 1131 2486 tribus
1142 2434 1189 2484 hoc
1200 2430 1284 2482 stetim
1295 2445 1354 2497 pro·

336 2522 418 2584 bubis,
441 2520 516 2572 Docti
538 2520 647 2571 carmine
671 2537 735 2587 quae
756 2520 821 2589 legis
844 2520 945 2573 Catulli.
981 2520 1041 2572 ‘cui
1062 2519 1127 2571 dono
1153 2545 1184 2554 -
1206 2512 1355 2582 expolitum'
1379 2527 1380 2532 ¹

337 2606 420 2656 ‘Meas
434 2634 464 2642 -
478 2605 570 2670 nugns'
592 2604 683 2656 Terent.
702 2604 787 2659 Maur.
805 2605 884 2657 2560
906 2607 972 2657 inter
994 2621 1056 2671 quoe
1074 2610 1101 2655 et
1119 2601 1230 2654 catullus
1248 2606 1287 2649 est
1308 2596 1355 2648 sub

336 2689 456 2755 exemplis
467 2689 617 2740 huiusmodi
629 2689 687 2741 ‘cui
699 2719 733 2728 —
746 2691 896 2758 expolitum’
909 2690 993 2742 ‘Mens
1006 2718 1038 2728 -
1052 2686 1145 2754 nugas’
1157 2684 1226 2736 Mar.
1244 2682 1355 2733 Victorin

336 2773 506 2825 2596P203
518 2771 598 2838 Geisfi
701 2774 726 2825 2.
744 2776 769 2827 4.
791 2776 801 2825 l
822 2777 907 2842 (apud
924 2774 1065 2840 Catullum)
1088 2771 1195 2838 tinnulos
1213 2768 1273 2819 Ant
1295 2766 1355 2816 For-

337 2866 409 2908 tunat,
432 2856 509 2908 2676
521 2856 549 2907 Ρ
574 2857 627 2909 318
644 2858 698 2909 313
717 2857 741 2910 G
764 2860 855 2910 citauit.
877 2860 939 2909 idem
962 2857 1077 2909 2702P
1099 2857 1158 2908 356
1177 2854 1200 2906 G
1229 2854 1286 2903 laec
1313 2850 1356 2900 liu·

336 2943 374 2991 bet
391 2940 451 2994 telis
468 2949 583 3008 estpars
607 2959 637 2993 ex
660 2944 795 2995 catulliano
818 2944 1029 3012 hendecasyllabo
1052 2943 1164 2995 detracta
1186 2940 1268 3007 priore
1286 2942 1357 3003 parte

335 3027 449 3093 ‘pumice
467 3027 614 3094 expolitum'
683 3029 699 3078 2
716 3030 821 3095 respexit
831 3029 927 3080 Plinius
943 3040 991 3081 net
1003 3029 1058 3081 ls'st
1069 3026 1161 3077 XXX
1167 3025 1206 3076 VI
1212 3025 1264 3075 154
1276 3022 1322 3073 sed
1337 3020 1357 3071 ii

336 3112 446 3177 pumices
464 3111 507 3178 qui
524 3112 625 3163 suntin
643 3131 689 3165 usu
706 3130 837 3182 corporum
853 3115 1019 3167 leuandcrum
1030 3114 1137 3175 feminis,
1156 3113 1205 3163 iam
1217 3108 1318 3176 quidem
1330 3112 1357 3156 et

336 3197 406 3259 uiris,
424 3204 513 3263 utque,
531 3205 561 3248 ut
578 3198 614 3249 ait
631 3197 752 3261 Catullus,
770 3199 841 3252 libris
858 3199 1025 3252 laudatissimi
1042 3206 1101 3251 sunt
1118 3198 1144 3249 in
1162 3195 1238 3248 Melo·
1256 3195 1287 3259 cf·
1303 3191 1356 3248 Cat

339 3282 433 3334 XXII
449 3285 465 3335 8
566 3284 592 3337 3.
609 3285 628 3335 4
645 3289 764 3352 ‘namque
784 3314 814 3323 —
832 3285 940 3352 nugas’,
963 3293 993 3337 ut
1009 3285 1109 3337 obicere
1126 3280 1214 3333 moliar
1231 3279 1356 3330 Catullum

337 3377 525 3421 conterraneum
536 3386 619 3421 meum
632 3369 728 3420 Plinius
736 3372 818 3437 praes.
830 3381 880 3423 nat.
892 3372 946 3422 list.
959 3371 995 3433 §1
1067 3370 1083 3419 2
1096 3368 1175 3419 Arida
1187 3360 1204 3444 β
1222 3366 1264 3429 (ω
1280 3362 1356 3431 Led)

335 3471 366 3504 ee
383 3452 469 3504 Seruio
487 3454 522 3505 ad
545 3454 615 3522 Vero.
633 3454 694 3509 Aen.
714 3454 847 3507 X11587
869 3452 1024 3505 ‘Pumicem'
1047 3460 1130 3505 autem
1151 3453 1199 3503 iste
1220 3449 1355 3501 masculino

336 3555 429 3604 genere
447 3540 532 3606 posuit
548 3547 574 3591 et
591 3540 657 3592 hunc
673 3540 809 3606 sequimur.
826 3557 885 3591 nam
903 3546 929 3592 et
941 3540 1047 3591 Plautus
1064 3538 1099 3589 itu
1110 3537 1179 3601 dixit,
1197 3536 1258 3587 licet
1269 3532 1356 3586 Getul-

335 3624 374 3675 lue
391 3623 484 3675 dixerit
500 3624 627 3689 feminino,
645 3627 729 3692 quibus
747 3626 826 3677 neren
843 3625 879 3677 ad
895 3625 969 3677 alium
990 3623 1084 3676 Catulli
1100 3624 1174 3675 locum
1192 3620 1302 3673 Seruium
1318 3637 1356 3669 re-

336 3711 442 3777 spexisse
460 3709 603 3778 Spenqelius
626 3712 677 3765 leot.
698 3712 753 3763 102
774 3721 797 3762 et
819 3711 961 3762 bunellus
983 3720 1047 3762 nunt.
1069 3708 1134 3760 erud.
1155 3709 1253 3775 mnino.
1276 3706 1356 3768 1855,

337 3796 409 3848 1990
426 3806 534 3847 censent:
550 3797 634 3849 arride
649 3796 780 3849 Guilelmus
791 3779 964 3863 Pnetrenqssrs
982 3796 1011 3847 de
1028 3795 1157 3862 oriqins'llns
1169 3810 1246 3844 rerum
1259 3809 1288 3857 p.
1303 3790 1357 3841 88l

337 3885 389 3935 item
407 3900 436 3933 ee
454 3882 552 3946 Sentio,
575 3892 601 3934 ut
617 3882 717 3938 undeno.
740 3884 771 3948 cs.
793 3900 855 3948 quae
877 3882 931 3933 dini
951 3891 999 3934 not.
1021 3889 1124 3933 conuent.
1144 3877 1230 3943 philol.
1250 3892 1355 3942 censen.

337 3968 429 4018 XXII
445 3970 561 4020 muniens
581 3968 667 4035 (Lupe.
685 3968 773 4034 1864)
795 3969 850 4019 114.
868 3968 949 4019 Arido
966 3966 1045 4034 (Lm)
1069 3964 1107 4016 uel
1123 3962 1216 4013 Arrido
1241 3960 1266 4010 V
1284 3959 1356 4012 arido

336 4053 410 4105 selol.
429 4054 565 4104 serunensis
587 4052 741 4104 Terentianus
760 4051 894 4104 Victorinum
906 4051 1016 4103 Isidorus
1034 4064 1107 4113 neque
1124 4046 1195 4097 aliter
1212 4044 1275 4095 Ant
1294 4045 1355 4095 For-

337 4138 474 4188 mandamus
495 4156 525 4188 en
550 4137 586 4191 ed,
609 4135 738 4201 Gaioscrdi
759 4137 903 4205 (Puteolius
924 4135 1019 4200 arida).
1065 4131 1276 4183 ‘Fortunatianum
1298 4149 1355 4197 quo-

334 4238 381 4287 qne
398 4224 430 4273 ab
448 4239 527 4275 eornm
543 4223 586 4288 qui
600 4220 672 4275 arido
690 4219 794 4287 lecerunt
807 4222 918 4288 parolus
935 4218 1028 4270 stetim
1046 4216 1130 4282 quibus
1147 4215 1237 4267 codices
1255 4215 1290 4268 ud
1305 4234 1354 4267 ηια-

1086 4317 1126 4372 1}
