3542 5167
416 670 458 735 46
727 686 877 739 xnnvnn
898 684 1115 739 12-xxxxe

479 882 536 937 aut
558 874 754 938 Lanuuinus
777 881 847 936 ater
874 879 971 953 atque
993 870 1146 935 dentatus

479 1002 537 1057 aut
560 993 827 1074 Transpadanus,
849 1000 887 1057 nt
909 1012 999 1056 meos
1022 1010 1149 1072 quoque
1173 990 1343 1071 attingam,

480 1120 538 1176 aut-
559 1113 613 1193 qui
635 1111 728 1176 lubet
749 1111 806 1192 qui
828 1110 955 1193 puriter
977 1109 1061 1173 lauit
1082 1107 1204 1183 dentes,

417 1230 457 1294 15
480 1239 591 1293 temen
614 1228 762 1293 renidere
785 1249 889 1309 usque
912 1248 1040 1310 quaque
1064 1236 1096 1291 te
1118 1226 1255 1290 nollem:

479 1370 556 1412 nam
579 1349 649 1412 risu
671 1348 781 1432 inepto
803 1368 856 1410 res
879 1347 1018 1428 ineptior
1041 1345 1134 1409 nulla
1155 1351 1213 1409 est.

479 1487 566 1530 nunc
589 1465 734 1531 Celtiber
754 1486 799 1528 eo:
822 1464 1002 1529 Celtiberia
1024 1465 1059 1526 in
1081 1474 1177 1538 terre,

480 1584 564 1666 quod
589 1586 727 1666 quisque
750 1583 881 1660 minxit,
904 1583 966 1648 hoc
988 1581 1052 1646 sibi
1074 1582 1158 1645 solet
1180 1601 1276 1644 mene

482 1702 612 1766 dentem
635 1710 731 1783 atque
752 1722 880 1765 russam
905 1701 1063 1764 defricare
1085 1700 1264 1782 gingiuam‚

415 1820 457 1884 20
480 1828 517 1885 ut
538 1841 601 1901 quo
623 1821 685 1883 iste
710 1828 819 1882 uester
841 1818 1016 1901 expolitior
1038 1817 1119 1880 dens
1143 1823 1200 1891 est,

481 1940 541 2003 hoc
564 1950 595 2003 te
617 1927 759 2020 amplius
782 1937 905 2001 bibisse
926 1935 1090 2018 praedicet
1110 1936 1179 1999 loti.

858 2155 998 2220 XXXX

481 2278 653 2380 (lucenam
677 2320 708 2372 te
730 2307 819 2371 mala
842 2328 945 2383 mens,
970 2306 1096 2371 miselle
1119 2305 1255 2383 Rauide,

480 2406 547 2507 egit
569 2426 781 2508 praecipitem
804 2426 838 2488 in
862 2446 951 2489 meos
973 2424 1120 2488 iambos?

483 2544 556 2624 quis
579 2542 659 2607 deus
683 2543 742 2606 tibi
765 2564 832 2607 non
855 2543 937 2607 bene
961 2542 1138 2606 aduocatus

420 2714 611 2764 l2la1niuinus?
635 2723 647 2769 ΙΙ
674 2713 705 2762 13
723 2721 845 2762 antmeos
869 2722 881 2768 11
908 2712 938 2761 17
958 2712 1106 2762 esomissum
1129 2720 1142 2767 ΙΙ
1170 2712 1200 2762 19
1213 2730 1295 2762 rusum
1319 2722 1331 2768 11
1355 2713 1438 2762 2110-

419 2810 459 2848 tus
484 2806 496 2853 ΙΙ
520 2797 619 2846 XXXX
637 2797 677 2846 Ad
696 2797 821 2847 Ranidum
845 2806 857 2853 ΙΙ

417 2949 459 2981 sus
478 2928 597 2982 Etruscus
616 2930 683 2995 (cod.
702 2940 728 2980 et
746 2930 860 2996 prossus)
976 2932 1005 2980 12
1024 2931 1150 2981 [nanninus
1170 2923 1186 3008 β
1206 2930 1336 2981 LMueller
1359 2932 1387 2981 de
1412 2950 1437 2982 re

417 3025 474 3064 metr
500 3015 556 3065 252
608 3032 665 3065 acer
684 3006 831 3090 §Heinsius
903 3014 933 3063 17
952 3031 979 3064 es
997 3014 1048 3064 add
1069 3015 1214 3065 Corradicus
1233 3016 1261 3065 de
1279 3016 1347 3066 Atlio
1364 3016 1437 3067 qu‘:

417 3117 444 3150 es
463 3117 498 3148 om
524 3098 991 3165 1711191111111.εᾱίτὶοεαη1α1119.α.
1010 3099 1082 3149 1702
1102 3108 1128 3148 et
1145 3099 1292 3164 Doere'upt‘us
1332 3101 1376 3165 (de
1398 3119 1438 3151 uo-

418 3184 555 3233 cabulorum
575 3184 712 3234 Celtiberia
734 3185 758 3232 in
777 3191 844 3233 terra
861 3183 942 3233 ordine
967 3185 998 3247 cs.
1016 3183 1171 3233 Ritsobelium
1193 3183 1228 3233 ad
1246 3184 1441 3250 Reifflrscleidii

421 3268 557 3319 Suetonium
571 3269 639 3336 192)
652 3270 723 3320 Nunc
737 3268 850 3320 Celtiber
862 3270 886 3318 in
900 3269 1037 3319 Celtiberia
1049 3278 1118 3319 terra
1132 3268 1243 3334 Scaliyer
1256 3288 1280 3324 ω
1296 3272 1368 3321 Nune
1381 3272 1438 3321 Cel-

418 3354 528 3404 tiberus:
547 3353 678 3403 Palladius
745 3354 776 3403 18
794 3364 817 3402 et
832 3354 862 3405 19
880 3355 984 3418 respexit
1000 3354 1117 3418 Apuleius
1135 3355 1200 3419 apol.
1215 3373 1242 3421 p.
1254 3356 1310 3407 393
1333 3354 1438 3407 Oudend.

418 3437 459 3498 10,
472 3438 599 3504 9Kruep,
613 3456 653 3487 nec
666 3449 740 3488 terren
754 3438 867 3489 adcurate
881 3439 917 3488 lis
930 3439 1013 3489 citauit
1024 3440 1114 3487 uerbis:
1132 3440 1179 3489 nisi
1193 3440 1257 3491 forte
1270 3441 1294 3491 in
1307 3458 1336 3490 9ο
1351 3457 1438 3505 repre-

418 3523 565 3573 hendendus
584 3541 636 3572 sum
656 3524 722 3589 quod
735 3522 902 3589 Calpurniano
922 3524 1085 3589 puluisculum
1104 3542 1134 3574 ex
1149 3526 1253 3575 arabicis
1266 3525 1379 3591 frugibus
1391 3526 1438 3574 mi·

419 3608 505 3657 serim:
528 3626 601 3671 quem
625 3610 704 3658 multo
727 3609 830 3672 aequius
853 3617 907 3657 erat
926 3609 1083 3674 spurcissimo
1102 3610 1152 3658 ritu
1170 3610 1334 3668 Hiberorum,
1359 3617 1388 3659 ut
1405 3610 1441 3659 ait

421 3689 542 3749 Catullus,
560 3708 605 3739 sua
625 3692 673 3740 sibi
692 3691 775 3740 urina:
800 3692 912 3740 ‘dentem
935 3702 1009 3756 atque
1032 3709 1127 3742 russam
1150 3692 1274 3757 pumicare
1292 3694 1438 3759 gingiuam'.

418 3776 491 3824 uerbo
518 3791 564 3824 sua
591 3774 638 3823 sibi
664 3774 737 3823 urina
754 3773 845 3836 Apulei
869 3791 920 3822 esse
947 3792 988 3823 nec
1005 3775 1123 3824 diuersum
1147 3792 1228 3824 uersus
1246 3776 1279 3825 18
1296 3777 1440 3840 scripturam

417 3860 501 3910 haberi
513 3872 602 3923 posses
614 3857 640 3907 id
656 3857 719 3921 quod
730 3857 897 3906 Lachmannus
913 3860 1015 3921 putauit,
1027 3858 1167 3908 Leutsclius
1185 3869 1248 3909 nunt.
1260 3860 1324 3909 erud.
1341 3863 1439 3929 pottiuy.

417 3946 487 3996 1855
502 3943 615 4009 p.1965
634 3954 655 3992 91
678 3940 788 3992 Occursus
810 3941 825 3994 l.
845 3959 865 3993 c.
881 3960 909 4006 p.
928 3944 959 3993 14
977 3942 1128 4008 despexerunt
1208 3944 1238 3995 19
1257 3963 1352 3996 russam
1369 3948 1439 4012 Apu·

419 4031 477 4081 leiuc
501 4031 545 4096 (ff
566 4029 734 4079 Laclmonnus
751 4026 786 4076 acl
801 4026 936 4076 Lucretium
954 4026 1033 4092 217).·
1058 4044 1139 4077 rusam
1169 4027 1192 4076 V
1301 4032 1439 4097 defricare]

419 4115 545 4179 pumicare
564 4132 593 4164 ex
610 4114 714 4179 Apuleio
729 4122 786 4178 post
802 4111 865 4162 alios
889 4110 999 4162 Ooanncs
1102 4114 1132 4163 21
1154 4115 1220 4165 lotus
1248 4113 1269 4164 V
1288 4115 1398 4166 Oronnus

468 4214 567 4266 XXXX
583 4218 595 4266 l
610 4216 698 4266 Raude
711 4233 736 4271 ω
752 4214 811 4281 (sed
832 4212 1008 4279 cs.LMueller
1026 4214 1054 4265 de
1075 4233 1101 4265 re
1119 4227 1183 4267 metr.
1201 4217 1267 4283 271)
1336 4218 1352 4267 2
1378 4216 1437 4265 lunc
