3542 5167
748 695 940 749 exue-19

399 884 446 947 sic
469 889 600 947 certent:
623 882 724 947 uiden
746 890 784 947 ut
804 884 980 965 perniciter
1001 884 1170 949 exiluere?

397 1025 464 1066 non
487 1010 609 1065 temere
631 1002 791 1066 exiluere:
814 1012 935 1067 canent
957 1008 1044 1086 quod
1066 1004 1194 1068 uincere
1215 1023 1275 1086 par
1297 1009 1355 1067 eet.
1437 1012 1438 1016 ’

336 1121 377 1187 lo
398 1122 533 1206 Hymen
558 1144 577 1186 o
599 1121 802 1206 Hymenaee,
825 1122 962 1206 Hymen
985 1123 1062 1187 edes
1085 1145 1104 1188 o
1126 1123 1328 1208 Hymenaee.

402 1381 469 1425 non
490 1360 598 1424 facilis
621 1359 724 1437 nobie,
748 1360 904 1441 aequalis,
927 1359 1038 1442 palme.
1059 1367 1174 1442 perata
1195 1368 1257 1425 eet:

400 1480 544 1561 aspicite,
567 1461 727 1561 innuptae
750 1500 861 1542 seeum
883 1486 923 1543 nt
944 1479 1102 1543 meditata
1123 1480 1305 1561 requirunt.

401 1621 466 1662 nou
480 1600 603 1663 frustra
615 1598 830 1663 meditantur:
844 1598 968 1662 habent
979 1598 1192 1663 memorabile
1205 1598 1289 1680 quod
1302 1599 1354 1663 eit.

398 1740 452 1782 aaa
472 1720 602 1795 miram,
621 1720 752 1802 penitae
774 1740 853 1802 qaae
875 1728 941 1783 tota
963 1726 1060 1783 meate
1082 1718 1237 1783 laborant.

337 1840 376 1901 15
400 1859 459 1902 nos
482 1838 547 1901 aiio
569 1847 705 1914 mentre,
728 1837 794 1902 alio
816 1836 991 1901 diuisimus
1015 1857 1127 1902 aures:

400 1959 471 2021 iura
493 1958 595 2041 igitur
616 1958 801 2022 uincemm·:
824 1965 915 2021 amet
936 1957 1077 2022 uictoria
1098 1975 1220 2021 euram.

398 2098 498 2157 quare
518 2099 603 2141 nana
625 2078 752 2141 animos
775 2078 894 2141 saltem
917 2076 1112 2141 committite
1134 2083 1278 2140 uestros:

400 2194 507 2259 dicere
528 2196 596 2260 iam
619 2196 786 2280 incipient,
808 2196 875 2261 iam
898 2195 1096 2278 respondere
1117 2194 1252 2258 decebit.

399 2314 535 2398 Hymen
558 2334 577 2378 o
599 2315 801 2398 Hymenaee,
823 2314 958 2399 Hymen
980 2313 1058 2377 edos
1080 2334 1100 2377 o
1121 2313 1323 2396 Hymenaee.

334 2518 351 2568 9
374 2535 423 2583 quo
446 2518 529 2569 uisere
551 2525 641 2585 parent
663 2520 676 2568 ΙΙ
705 2519 737 2570 12
760 2518 864 2587 innupte
885 2536 935 2587 que
958 2520 970 2568 11
999 2518 1121 2569 meditare
1144 2525 1253 2583 querunt
1280 2517 1293 2564 11
1323 2517 1355 2567 14

335 2604 435 2653 matteas
459 2604 471 2652 11
494 2604 524 2654 17
543 2604 628 2665 Quare
646 2622 695 2655 nou

335 2790 373 2841 dit
389 2807 414 2842 u.
430 2791 512 2842 imbre
530 2790 642 2857 Scdiyer
660 2792 725 2844 Eoos
743 2791 827 2859 (ΙΝ)
846 2792 885 2843 ael
896 2799 996 2859 optatos
1007 2791 1048 2843 ael
1058 2790 1185 2842 aetheriae
1196 2818 1229 2828 -
1240 2788 1313 2857 ignes
1329 2805 1354 2842 ω

435 2878 565 2928 Scertest
589 2877 626 2927 V:
652 2887 734 2929 certes
757 2879 780 2931 ,1.
803 2878 828 2927 Τ
844 2887 913 2929 certe
936 2888 975 2929 cst
997 2877 1090 2928 Statius
1113 2885 1182 2927 certe
1205 2868 1252 2953 βω

332 2963 349 3013 9
378 2964 444 3029 quod
478 2962 581 3013 uincere
617 2981 663 3030 pur
697 2972 737 3015 est
770 2962 901 3014 Marciliar
931 2975 1003 3015 atter.
1032 2964 1068 3014 10
1095 2963 1218 3028 Hauptiar
1248 2979 1287 3025 qu.
1316 2960 1355 3010 30

334 3048 399 3111 (He.
417 3046 493 3114 Rb.):
520 3049 587 3114 quod
610 3050 673 3115 (quo
691 3049 751 3117 Lm)
773 3051 857 3100 uisere
875 3068 922 3117 par
939 3060 978 3101 est
999 3048 1024 3098 T
1037 3049 1083 3099 Lm
1100 3067 1148 3115 quo
1167 3048 1248 3099 uisere
1266 3055 1355 3112 parent

339 3132 365 3183 V
377 3151 439 3200 quot
456 3134 495 3184 ael
512 3150 561 3200 quo
577 3134 678 3185 uincere
696 3153 720 3201 p.
733 3153 756 3186 e.
775 3152 800 3189 ω
817 3137 883 3201 quod
906 3154 1011 3202 uespere
1033 3152 1059 3203 p.
1083 3154 1106 3186 e.
1129 3133 1254 3198 Meleaper
1276 3130 1355 3196 spicil.

333 3218 369 3269 25
387 3237 435 3285 quo
453 3221 536 3271 sidere
554 3238 578 3287 p.
603 3237 625 3271 e.
648 3219 837 3271 Laadraannus*
859 3221 918 3287 quoi
941 3222 1020 3272 fidere
1043 3237 1068 3286 p.
1091 3238 1113 3271 e.
1135 3217 1277 3269 Leancttas
1301 3216 1317 3267 1.
1335 3234 1354 3269 c.

334 3305 404 3357 1998
421 3305 487 3371 qnod
509 3305 594 3356 dicere
617 3323 642 3371 p.
661 3322 683 3355 e.
701 3306 848 3371 Doerinpiru
870 3307 936 3372 quod
959 3306 1056 3357 discere
1074 3323 1099 3370 p.
1117 3321 1139 3354 e.
1157 3301 1281 3353 ARiesius
1299 3318 1355 3350 ann.

333 3391 404 3444 Iuda.
423 3389 588 3441 LXXXXI
600 3390 655 3441 301
666 3408 714 3456 quo
726 3391 829 3441 uincere
842 3398 946 3457 sperent
957 3390 1091 3440 Pleitneras
1104 3389 1169 3456 quod
1182 3387 1223 3437 uix
1236 3402 1356 3451 superare

333 3484 372 3527 est
390 3475 506 3543 (zquod
528 3477 569 3527 uix
593 3477 726 3543 superest)
747 3493 790 3541 epo
812 3475 944 3539 aliquando
1049 3477 1077 3525 11
1103 3473 1214 3539 aequalis
1242 3467 1295 3519 TV
1312 3468 1359 3535 (cs.

343 3559 459 3627 Wapaeri
469 3562 571 3627 orttoqr.
585 3548 668 3627 aer-pil.
682 3560 737 3610 404
749 3560 847 3612 Lucina
858 3560 893 3610 ad
904 3560 1000 3611 Lacret
1009 3577 1037 3624 p.
1050 3560 1112 3624 56):
1131 3556 1246 3623 aequales
1264 3570 1289 3609 ω
1309 3552 1356 3604 Lm

441 3647 473 3695 12
490 3645 603 3712 Aspicite
621 3646 740 3712 innuptae
759 3662 851 3711 quaeso
869 3654 897 3694 ut
916 3643 1010 3695 Statius
1079 3643 1207 3709 requirunt
1225 3658 1249 3695 ω

335 3731 365 3780 11
382 3731 452 3780 dubet
473 3730 498 3778 T
509 3730 589 3780 solas:
606 3747 642 3780 om
655 3729 678 3777 V
692 3730 734 3794 (cf.
747 3748 786 3794 qa.
798 3729 896 3796 1195),
915 3748 950 3779 om
968 3730 1020 3779 item
1038 3729 1150 3779 editiones
1168 3726 1354 3792 antiquissimae,

331 3818 419 3881 recepit
440 3835 489 3867 eam
508 3818 601 3882 primur
623 3815 734 3867 Muretus
757 3817 782 3866 ia
804 3816 902 3867 editione
920 3826 1003 3867 aeneia
1021 3836 1045 3868 a.
1064 3818 1136 3867 1554
1153 3832 1182 3864 ea
1203 3814 1229 3861 T
1240 3814 1305 3876 ipse,
1329 3809 1357 3859 id

331 3900 396 3965 quod
410 3919 486 3967 paene
504 3912 590 3951 certam
608 3911 644 3951 ert
660 3903 703 3966 (cs.
721 3902 788 3966 infra
806 3901 842 3951 ad
851 3920 874 3952 a.
890 3902 946 3968 63).
966 3901 998 3952 Ni
1017 3902 1105 3952 mirum
1123 3898 1212 3949 eortieci
1277 3894 1352 3959 quae]

332 4005 389 4038 narn
407 3986 548 4038 Leutseiiar
569 3988 585 4037 l.
603 4004 623 4037 c.
640 3987 710 4037 1994
805 3995 858 4038 tote
874 3989 976 4055 ponitus
994 4004 1058 4053 quae
1076 3984 1187 4035 Muretus
1212 3981 1310 4032 torsias
1328 3994 1353 4031 ω

435 4073 550 4123 laborent
574 4070 672 4121 Vossius
690 4088 723 4125 (u.
759 4072 875 4122 eiecerunt
890 4073 912 4123 i.
925 4091 948 4124 a.
965 4071 1076 4122 Naekiae
1089 4071 1104 4121 1.
1117 4088 1137 4119 c.
1150 4078 1173 4118 et
1184 4068 1352 4124 Lachmaanas

333 4158 358 4207 in
376 4157 475 4207 editione
489 4159 572 4223 priore
693 4157 724 4205 15
743 4156 799 4208 Nou
820 4156 845 4205 T
942 4155 1080 4206 dimisimus
1099 4148 1116 4233 β
1132 4153 1265 4204 Ptettaeras

335 4242 365 4294 17
389 4244 473 4306 Quare
493 4260 544 4293 non
568 4239 646 4308 (V)?
670 4241 765 4291 animos
783 4240 926 4307 Spenpeliuo
945 4238 994 4290 lect.
1014 4239 1070 4289 100
1173 4241 1311 4294 conuertite
1333 4243 1358 4293 T

1117 4342 1147 4396 11
