3542 5167
449 690 512 770 100
828 702 926 769 1111111
944 701 1096 756 ras-us

535 890 668 975 perfide,
692 890 821 955 deserto
843 889 971 971 liquisti
992 889 1028 951 in
1050 888 1153 963 litore,
1178 886 1335 952 Theseu?

538 1011 660 1076 siccine
681 1009 852 1075 discedens
874 1009 1024 1092 neglecto
1045 1008 1181 1074 numine
1204 1005 1318 1073 diuum

456 1130 519 1195 135
541 1131 703 1194 inmemor
725 1129 766 1194 ah
790 1129 908 1193 denota
931 1128 1065 1192 domum
1087 1128 1230 1209 periuria
1252 1128 1388 1211 portas?

539 1249 673 1316 nullane
695 1268 747 1312 res
768 1247 877 1328 potuit
899 1245 1041 1311 crudelis
1062 1249 1193 1311 flectere
1215 1248 1337 1310 mentis

537 1367 740 1431 consilium?
763 1367 825 1430 tibi
847 1366 942 1431 nulla
963 1367 1029 1430 fuit
1051 1367 1225 1430 clementie
1246 1374 1376 1448 praesto

538 1486 655 1549 inmite
677 1493 715 1550 ut
736 1486 843 1550 nostri
865 1485 967 1550 uellet
988 1486 1198 1550 miserescere
1218 1485 1359 1568 pectus?

540 1612 575 1668 at
596 1625 663 1667 non
687 1604 767 1668 haec
791 1604 956 1684 quondam
978 1604 1073 1668 nobis
1094 1606 1257 1686 promissa
1279 1602 1397 1668 dedisti

462 1723 525 1788 140
545 1744 643 1789 uoce:
666 1723 749 1786 mihi
771 1744 837 1786 nou
857 1723 938 1787 haee
958 1724 1098 1788 miserae
1120 1743 1250 1805 sperare
1272 1721 1417 1798 inhebae,

539 1841 597 1905 sed
619 1841 782 1906 connubia
803 1841 898 1917 laeta,
922 1840 979 1905 sed
1002 1848 1129 1923 optatos
1152 1839 1371 1924 hymenaeos:

541 1980 624 2040 quae
647 1967 765 2023 cuncta
787 1960 868 2023 aerii
891 1958 1082 2041 discerpunt
1103 1959 1197 2023 irrita
1218 1959 1322 2025 uenti.

539 2100 623 2142 uuae
644 2078 711 2144 iam
733 2078 827 2143 nulla
848 2078 921 2143 uiro
943 2078 1067 2143 iuranti
1088 2079 1212 2143 femina
1233 2077 1353 2153 eredat,

539 2197 632 2261 nulla
654 2198 719 2261 uiri
742 2205 850 2280 speret
871 2218 1038 2263 sermones
1060 2218 1131 2263 esse
1153 2196 1287 2262 fideles:

456 2318 518 2381 145
539 2319 614 2399 quis
630 2317 710 2382 dum
725 2317 849 2401 aliquid
865 2320 1000 2403 cupiens
1016 2318 1147 2382 animus
1162 2318 1344 2401 praegestit
1364 2316 1475 2398 apisci,

540 2437 589 2500 nil
611 2444 765 2501 metuunt
786 2437 905 2513 iurare,
928 2435 1013 2500 nihil
1036 2436 1228 2519 promittere
1251 2443 1410 2517 parcunt:

541 2556 598 2621 sed
621 2557 722 2621 simul
744 2577 781 2620 ao
802 2557 939 2638 cupidae
961 2557 1082 2620 mentis
1105 2557 1224 2620 satiata
1245 2556 1348 2621 libido
1371 2566 1432 2631 est,

541 2676 629 2740 dicta
650 2676 735 2739 nihil
757 2686 912 2751 metuere,
935 2676 1020 2739 nihil
1042 2676 1188 2758 periuria
1210 2686 1336 2740 curant.

458 2822 509 2830 -—-

458 2895 507 2946 138
524 2895 655 2964 mitescere
679 2897 691 2943 ll
716 2895 766 2947 140
782 2913 828 2946 nec
846 2896 893 2947 hee
917 2897 929 2945 ll
956 2895 1003 2946 142
1023 2897 1165 2962 disserpunt
1188 2897 1200 2945 ll
1229 2896 1277 2946 143
1298 2897 1360 2948 Turn

614 2998 663 3007 u--

463 3046 489 3095 V
502 3046 608 3097 Vossius.
643 3048 687 3097 Ad
701 3051 775 3098 uerba
792 3048 919 3098 Ariadnae
937 3050 1002 3107 laec,
1021 3050 1045 3099 iu
1059 3050 1146 3114 primis
1165 3049 1200 3098 ad
1216 3067 1299 3099 uersus
1317 3051 1475 3112 13301143,

455 3134 561 3198 respersit
582 3132 681 3183 Ouidius
689 3134 755 3197 sast.
775 3130 903 3185 111469:
923 3134 1043 3185 Dicebam
1062 3133 1188 3200 (memini)
1208 3136 1317 3200 ‘periure
1336 3144 1361 3185 et
1380 3137 1476 3201 perfide

458 3217 557 3269 Theseu
565 3219 580 3268 1’
599 3219 646 3270 Ille
658 3219 731 3270 abiit:
750 3219 839 3269 eedem
851 3220 955 3270 crimina
968 3220 1079 3270 Bacchus
1091 3220 1175 3270 habet
1198 3220 1272 3270 Nunc
1284 3238 1382 3285 quoque
1400 3221 1477 3271 ‘nulla

458 3304 520 3355 uiro'
538 3304 650 3355 clamabo
668 3304 768 3356 ‘femina
785 3306 893 3357 credat’:
917 3305 1023 3356 Nomine
1040 3313 1136 3356 mutato
1154 3322 1242 3355 caussa
1259 3306 1339 3355 relata
1356 3323 1412 3355 mea
1430 3315 1477 3356 001.

457 3391 487 3455 es.
510 3389 633 3456 Hauptr'us
654 3391 703 3443 iad.
726 3390 776 3443 lect.
800 3391 896 3443 derolia.
918 3392 1001 3442 uestiu.
1024 3392 1143 3452 01855,
1165 3391 1182 3442 6
1286 3391 1476 3455 1370001101,

458 3494 503 3525 noa
521 3486 579 3541 post
600 3477 736 3528 Consilium
759 3477 894 3544 interpunye'
915 3478 977 3527 iudet
998 3476 1162 3527 Froelrliclius
1280 3476 1327 3526 138
1345 3476 1477 3528 mitescere

465 3560 520 3613 Vc)
544 3563 631 3612 mostri
657 3562 735 3612 uellet
760 3564 893 3614 mitescere
920 3562 1033 3629 Scaliqer
1195 3562 1249 3612 139.
1279 3562 1328 3612 140
1354 3562 1477 3627 quondam

459 3644 552 3696 blanda
574 3648 639 3710 (non
662 3648 725 3696 haec
747 3646 842 3697 Statius
864 3648 932 3699 noris
954 3648 992 3698 uel
1012 3647 1078 3698 nosti
1105 3645 1223 3711 Orellius)
1247 3647 1367 3712 promissa
1385 3648 1478 3699 dedisti

460 3728 528 3779 Voce
541 3730 624 3794 (Vane
633 3728 836 3779 Muelerliclrius
850 3731 901 3784 leet.
915 3732 977 3796 104)
996 3732 1070 3781 mihi:
1088 3747 1137 3780 non
1150 3730 1196 3780 hoc
1208 3731 1323 3781 miserem
1343 3725 1385 3807 βω

461 3814 512 3864 140
528 3813 598 3865 Voce
616 3830 747 3879 manuque,
766 3830 812 3864 nec
829 3815 877 3865 hoc
895 3816 1001 3866 miserae
1019 3814 1148 3864 1101010000
1166 3814 1222 3866 Μ111
1240 3832 1312 3875 0000,
1331 3834 1413 3884 neque
1431 3819 1478 3871 hoe

459 3900 577 3951 miserum
598 3899 704 3967 Heysius
725 3899 818 3951 blanda
839 3918 877 3967 pr.
900 3902 956 3951 ded.
981 3902 1047 3951 Voce
1070 3899 1147 3950 milri:
1174 3918 1221 3952 nec
1238 3919 1278 3952 me
1296 3902 1343 3953 hoc
1360 3905 1479 3957 miseram

460 3996 594 4054 expectare
616 3986 780 4037 Froelrliclius
897 3986 945 4035 143
967 3986 1039 4035 Nunc
1062 3985 1110 4034 ism
1133 3984 1286 4036 BGuariaus
1309 3993 1382 4039 ‘uetus
1406 3990 1478 4040 codex

460 4071 585 4124 Minturao
607 4072 675 4123 leste'
694 4071 887 4123 Lachmanuus*.
930 4072 993 4121 ’10101
1011 4072 1060 4122 iarn
1081 4070 1158 4120 VLrn
1175 4070 1280 4138 Heysz'us
1299 4073 1405 4125 Fritzr'us
1423 4075 1477 4127 Iam

460 4157 509 4207 iam
530 4175 555 4212 ω
574 4159 640 4209 Hine
658 4158 707 4223 (uel
724 4157 799 4224 Hem)
817 4157 866 4207 iam
885 4157 1056 4210 Froedliclrius.
1074 4158 1133 4207 dunc
1151 4175 1243 4207 uersum
1266 4157 1364 4209 Ouidius
1382 4176 1474 4208 consere-

461 4244 578 4294 merauit:
602 4243 656 4292 uide
677 4261 753 4309 supra
774 4243 815 4294 ad.
837 4261 860 4296 u·
880 4243 935 4293 132
1061 4244 1110 4294 144
1133 4243 1194 4293 01010
1216 4242 1372 4294 Passeratius
1395 4242 1475 4292 uirum
