3542 5167
435 689 499 758 lto
550 696 582 775 ·,
817 704 1038 761 nxvsez-ss

541 897 598 960 scd
619 897 732 961 fratris
755 898 822 962 cari
845 896 955 959 flebile
977 895 1179 960 discidium?

500 1038 598 1099 qaam
619 1018 751 1099 penitus
772 1025 915 1079 maestes
938 1013 1050 1078 exedit
1070 1034 1149 1078 curs
1171 1014 1352 1079 medullas!

543 1146 580 1199 ut
601 1136 663 1199 tibi
684 1145 760 1199 tnnc
781 1143 850 1198 toto
871 1142 1002 1216 pectore
1023 1134 1186 1197 sollicitae

436 1254 478 1318 25
501 1254 653 1318 sensibus
675 1254 796 1334 ereptis
818 1272 913 1316 mens
936 1252 1074 1315 exciditl
1099 1259 1133 1316 st
1154 1262 1183 1316 te
1202 1273 1262 1335 ego
1284 1262 1371 1316 certe

544 1392 719 1454 cognoram
742 1392 762 1436 a
783 1391 887 1453 parua
909 1372 1040 1454 uirgine
1061 1372 1313 1453 magnanimem.

501 1512 586 1555 anne
609 1490 732 1554 bonum
754 1490 857 1554 oblita
877 1511 912 1553 es
928 1491 1064 1566 facinus,
1088 1511 1151 1571 qno
1167 1492 1295 1573 regium
1311 1490 1455 1572 adepta's

542 1611 741 1692 coniugium,
764 1630 827 1691 quo
850 1631 917 1673 non
941 1610 1060 1674 fottius
1081 1612 1167 1674 ausit
1189 1611 1273 1674 alis?

500 1729 556 1794 sed
572 1739 644 1793 tum
660 1735 788 1792 maesta
801 1730 913 1792 uirum
929 1729 1064 1791 mittens
1080 1747 1164 1809 qnae
1174 1728 1275 1791 uerbc
1286 1729 1392 1800 locuta
1406 1730 1456 1792 esi

434 1850 477 1912 30
540 1844 697 1931 Iuppiter,
720 1856 758 1909 ut
780 1847 865 1909 tristi
890 1846 1017 1909 lumina
1039 1865 1135 1928 saepe
1157 1845 1273 1908 menni

500 1966 575 2047 quis
599 1978 631 2027 te
653 1964 797 2027 mut-nuit
819 1973 934 2026 tantus
956 1963 1060 2026 deus?
1079 1983 1122 2026 sn
1144 1964 1229 2043 quod
1253 1974 1402 2028 ementes

542 2104 607 2147 non
632 2083 732 2165 longe
751 2104 771 2145 a
793 2101 867 2145 osso
891 2101 1024 2165 corpore
1046 2082 1159 2145 obesse
1182 2083 1323 2147 nolunt?

501 2213 598 2284 atque
620 2202 667 2266 ibi
689 2224 739 2265 ore
759 2202 885 2265 cuncta
909 2221 967 2283 pro
990 2200 1078 2265 dulci
1101 2202 1239 2283 coniuge
1261 2201 1348 2265 diu-is

542 2344 609 2387 non
632 2323 702 2387 sine
725 2323 855 2385 taurino
878 2322 1038 2404 sanguine
1059 2320 1208 2403 pollicito
1230 2339 1274 2397 es,

437 2547 471 2597 22
489 2546 617 2597 dissidium
641 2545 654 2592 ll
678 2544 712 2593 23
736 2545 798 2595 Cum
821 2543 834 2590 ll
857 2543 892 2593 24
914 2560 979 2593 nunc
996 2543 1034 2609 (et
1051 2546 1148 2605 tonet)
1172 2544 1184 2591 ll
1211 2542 1318 2593 solicitet
1341 2543 1353 2589 ll
1378 2543 1410 2592 25
1431 2553 1456 2593 te

437 2633 546 2681 onnssum
569 2631 582 2679 ll
601 2630 634 2679 26
652 2630 809 2695 magnanima
831 2630 844 2677 ll
864 2628 898 2679 27
915 2646 988 2694 quam
1013 2629 1025 2674 ll
1045 2629 1149 2693 adeptus
1173 2628 1185 2676 ΙΙ
1206 2628 1238 2677 28
1257 2628 1322 2693 quod
1340 2643 1390 2678 nan
1404 2628 1455 2677 for-

436 2716 486 2767 tior
503 2725 546 2767 snt
562 2716 595 2766 sit
619 2715 683 2766 1133
701 2715 751 2779 mo]
770 2731 815 2780 pro

434 2868 519 2919 fratris
536 2867 681 2932 Doerinyius
761 2866 795 2915 22
813 2866 843 2929 ns.
860 2884 884 2917 u.
903 2865 937 2915 21
1016 2866 1050 2915 23
1068 2866 1148 2927 Quum
1166 2865 1290 2915 Bentleius
1309 2866 1324 2917 l.
1343 2884 1363 2918 ο.
1381 2865 1454 2916 Lm*:

436 2951 499 3005 (lum
518 2951 543 3001 V
556 2969 582 3005 (n
600 2952 647 3001 Lm
664 2952 754 3015 ‘possis
772 2951 842 2999 ettam
858 2949 936 2999 'Pum’
955 2948 1144 3000 Lachmannus*
1251 2951 1285 3000 24
1301 2969 1367 3002 nunc
1391 2951 1418 3000 V
1431 2968 1456 3003 ω

435 3046 489 3089 tum
505 3036 628 3101 Hauptius
646 3036 671 3084 in
687 3034 786 3084 editione
802 3034 882 3084 altera
954 3036 987 3085 26
1006 3052 1020 3084 e
1038 3036 1113 3085 rectis
1131 3037 1173 3099 (ea
1188 3036 1278 3086 creetis
1297 3030 1327 3112 β)
1359 3036 1457 3086 Vossius

443 3121 617 3173 Valckenarius
635 3118 747 3185 Sittiyiss
836 3128 862 3171 te
879 3118 932 3169 cdd
955 3118 1067 3169 Vossius:
1084 3128 1158 3185 atque
1177 3119 1229 3183 (uel
1246 3122 1315 3185 etqui
1333 3121 1456 3170 Fontanus

437 3203 543 3271 Statius)
561 3222 608 3272 ego
625 3222 650 3259 ω
747 3204 780 3255 26
797 3205 903 3269 respexit
919 3205 942 3254 lr.
959 3222 982 3255 u.
1000 3204 1112 3270 Hyyr'nus
1126 3214 1187 3267 poet.
1205 3214 1295 3256 astron.
1314 3204 1348 3253 II
1360 3205 1396 3254 24
1414 3206 1457 3256 slii

437 3291 522 3343 dicunt
540 3292 587 3342 hoc
604 3292 718 3359 amplius,
737 3291 909 3342 Ptolemaeum
922 3289 1057 3340 Berenices
1069 3298 1165 3355 patrem
1176 3290 1336 3339 multitudine
1347 3290 1457 3354 hostium

436 3378 599 3445 perterritum
616 3377 677 3444 fuga
692 3377 798 3428 salutem
816 3376 931 3443 petiisse,
953 3375 1030 3425 liliam
1049 3384 1132 3425 sutem
1159 3393 1234 3441 saepe
1256 3385 1399 3425 consuetam
1417 3377 1456 3425 in-

436 3462 528 3514 siliisse
545 3462 572 3512 in
589 3480 679 3528 equum
695 3471 721 3514 et
733 3462 853 3527 reliquam
866 3461 989 3512 exereitus
1002 3460 1097 3526 copiam
1110 3461 1266 3511 constituisse
1279 3469 1305 3511 et
1317 3460 1456 3526 complures

436 3546 546 3598 hostium
568 3546 738 3598 interfecisse:
764 3564 809 3613 pro
831 3563 881 3612 quo
904 3547 980 3597 stiam
1002 3546 1171 3597 Callimachus
1196 3563 1251 3595 esm
1274 3546 1456 3610 magnanimum

437 3630 508 3681 dixit.
543 3630 589 3695 (cs.
615 3630 759 3681 Valekersar.
781 3630 816 3680 ad
840 3631 934 3681 Gallim.
952 3631 1010 3696 elea.
1025 3649 1050 3695 p.
1070 3631 1106 3680 38
1123 3630 1229 3694 Hauptr'r'
1245 3649 1283 3695 qu.
1304 3631 1354 3695 82)

437 3714 471 3765 27
488 3714 555 3781 quod
574 3707 591 3791 β
613 3713 785 3764 Valckenarius
803 3732 878 3779 quum
897 3714 1006 3765 Faernus
1094 3713 1207 3781 adepte's
1225 3716 1393 3766 Laclmannas
1412 3716 1458 3779 lad

436 3798 511 3849 Lacr.
527 3816 552 3863 p.
573 3797 640 3865 67).-
657 3798 748 3864 sd'epta
766 3815 794 3847 es
812 3790 855 3873 βω
957 3799 991 3848 28
1009 3800 1074 3864 qood
1092 3817 1140 3850 non
1158 3801 1245 3851 fortiss
1270 3801 1293 3850 V
1316 3819 1341 3854 ω
1376 3800 1454 3865 (Hs)

436 3884 497 3951 quoi
511 3901 560 3935 non
572 3884 677 3934 faustior
687 3882 753 3933 sdsit
767 3876 811 3959 (β)
828 3884 882 3934 suis
901 3882 1030 3933 Santenr'us
1091 3901 1147 3950 Ι(μισ
1165 3885 1232 3950 regis
1244 3886 1336 3951 adepta
1348 3904 1378 3937 es
1389 3888 1454 3938 Oes-

436 3971 531 4037 lugium
549 3987 597 4035 quo
615 3987 663 4020 non
682 3969 769 4019 fortior
786 3977 825 4019 est
842 3969 905 4019 olins
925 3968 1088 4018 Froeltlr'els'as
1194 3971 1230 4020 30
1246 3973 1318 4022 tereti
1334 3973 1455 4023 Auentina

539 4056 568 4105 31
590 4062 686 4105 tantum
704 4052 855 4105 Schraderus
873 4053 960 4105 emend.
978 4054 1011 4104 12
1107 4056 1141 4106 33
1158 4074 1199 4107 ms
1220 4056 1324 4108 Colotr'us
1342 4058 1454 4107 Perrer'us

439 4139 564 4191 Fruterr'us
581 4138 706 4190 Bentler'us
724 4140 753 4205 (l.
771 4157 791 4191 ο.
805 4141 909 4204 12:584)
931 4151 971 4193 tn:
996 4157 1044 4207 pso
1067 4133 1092 4189 V
1111 4141 1172 4207 proh
1191 4139 1303 4208 Sealt'yer
1320 4161 1345 4197 ω

438 4221 473 4277 34
490 4225 622 4293 pollicits’s
640 4224 807 4275 Lachmanrsus
825 4224 874 4291 (ad
890 4224 962 4277 Lucr.
976 4243 1004 4290 p.
1025 4226 1075 4292 67)
1187 4226 1256 4278 ‘Post
1272 4247 1294 4280 rr.
1311 4229 1347 4279 34
1362 4228 1454 4292 aliquot
