3542 5167
335 666 476 738 XXXII
524 736 527 744 .

336 876 389 941 his
410 875 618 960 paucissimis
639 874 761 953 uerbis,
784 864 924 959 quorum
946 875 981 940 in
1005 873 1272 959 supplementum
1294 875 1354 942 ali·

338 996 490 1078 quotiens
512 995 666 1059 lectiones
689 994 849 1060 librorum
865 994 1025 1059 honorum
1043 995 1184 1078 singulis
1199 996 1279 1059 locis
1295 1017 1355 1061 nec

337 1134 413 1179 eum
434 1114 467 1178 D
491 1134 551 1178 nec
573 1134 648 1178 cum
670 1112 699 1177 L
723 1114 1000 1179 consentientium
1022 1113 1209 1197 adscripsit,
1238 1115 1266 1179 si
1289 1136 1354 1179 non

336 1253 433 1298 omne
444 1255 571 1311 uerum,
587 1242 699 1297 tamen
711 1232 945 1316 propemodum
959 1254 1056 1298 omne
1068 1254 1184 1298 uerum
1197 1234 1302 1298 edixit
1308 1241 1355 1316 ¹⁵⁴).

439 1352 514 1437 Ego
525 1352 615 1417 ultra
629 1352 903 1437 progrediendum
921 1351 1099 1417 arbitratus
1114 1355 1274 1417 uarietate
1289 1354 1354 1417 lec·

336 1470 436 1535 tionis
449 1469 610 1536 librorum
619 1471 676 1553 qui
684 1480 863 1554 supersunt
873 1471 915 1537 ad
927 1472 1086 1557 originem
1098 1493 1192 1537 enam
1205 1482 1357 1538 reuocata

327 1589 394 1675 'per
422 1598 528 1655 tetum
559 1588 684 1654 librum
712 1591 929 1656 catullianum
961 1592 1118 1655 lectiones
1151 1592 1228 1656 libri
1262 1611 1356 1657 uero-

336 1708 449 1773 nensis
460 1708 684 1792 redintegrare
695 1717 832 1773 conatus
843 1731 926 1774 sum.
950 1709 1122 1791 quodcum
1136 1710 1354 1783 instituerem,

337 1847 390 1891 mc
417 1847 488 1891 rem
516 1827 829 1910 periculosissimam
852 1827 1044 1910 adgressum
1067 1850 1137 1892 csso
1159 1828 1242 1892 bone
1264 1829 1355 1894 sciui.

338 1965 455 2011 uerum
483 1948 570 2010 enim
599 1967 678 2011 uero
706 1947 784 2012 licet
813 1946 947 2011 difficile
974 1948 1018 2012 sit
1044 1947 1203 2012 lectiones
1236 1948 1356 2013 codicis

341 2066 533 2133 ueroncnsis
552 2067 714 2151 genuinas
729 2067 882 2132 omnibus
897 2067 978 2132 locis
994 2069 1145 2150 reperire,
1168 2068 1246 2132 licet
1261 2089 1356 2150 saepe

338 2188 409 2271 ipse
440 2186 622 2251 errauerim
653 2186 689 2250 in
723 2187 899 2251 ueronensi
933 2186 1213 2264 reconcinnando,
1250 2186 1356 2251 nihilo

338 2306 451 2371 minus
466 2306 522 2370 uia
536 2327 575 2370 ea
590 2326 656 2388 qua
670 2326 731 2389 ego
744 2327 824 2370 usus
840 2327 914 2371 sum
935 2307 965 2369 ei
987 2306 1044 2388 qui
1066 2306 1273 2372 Lachmanni
1294 2326 1350 2369 ue-

341 2425 440 2509 stigia
462 2433 501 2490 ut
514 2446 575 2509 par
590 2434 639 2490 est
652 2447 805 2508 premens
821 2424 993 2492 catullum
1008 2426 1242 2492 recensendum
1259 2424 1355 2490 hodie

339 2544 479 2628 suscipit
492 2546 639 2611 eundum
654 2566 726 2610 esse
741 2545 823 2609 mihi
838 2544 971 2627 quidem
988 2555 1075 2610 certo
1090 2546 1246 2628 persuasi.
1280 2544 1356 2608 nolo

342 2663 404 2729 hoc
425 2665 497 2729 loco
511 2665 671 2729 rationem
687 2684 774 2728 ame
788 2663 908 2727 initam
922 2665 1029 2728 fusius
1045 2665 1218 2745 explicare,
1234 2664 1356 2746 quippe

342 2802 434 2864 quae,
456 2782 516 2845 uni
532 2782 649 2862 cuique
663 2781 782 2845 harum
797 2802 909 2846 rerum
930 2783 1035 2864 perito
1057 2783 1129 2846 sine
1151 2781 1251 2846 dubio
1272 2783 1354 2846 satis

339 2900 523 2986 perspicua,
536 2900 564 2964 si
576 2920 642 2963 non
651 2898 792 2963 editione
800 2900 872 2983 ipsa
880 2901 1137 2977 commendatur,
1150 2876 1357 2966 commcnda-

340 3018 430 3083 tione
450 3038 524 3082 mea
552 3017 687 3082 editioni
712 3020 900 3102 praeposita
921 3018 1061 3085 stabiliri
1084 3028 1232 3102 nequeat.
1255 3041 1358 3085 unum

341 3143 453 3202 tamen
480 3135 573 3201 addo.
615 3158 675 3220 per
702 3159 737 3202 se
762 3139 979 3204 manifestum
1012 3148 1062 3204 est
1093 3138 1358 3223 probabilitatem

339 3256 518 3323 lectionum
546 3255 666 3322 codicis
694 3258 885 3322 ueronensis
914 3280 934 3323 a
961 3280 1014 3323 me
1041 3260 1270 3323 restituturum
1291 3251 1359 3321 ‘non

339 3376 462 3459 ubique
494 3376 633 3443 candem
665 3395 744 3443 esse.
792 3377 875 3442 locis
909 3376 1042 3460 quidem
1075 3379 1173 3461 longe
1205 3376 1359 3461 plurimis

276 3583 278 3588 .
340 3496 543 3561 confidenter
564 3495 615 3561 aio
636 3496 793 3563 lectiones
808 3503 939 3563 nostras
955 3498 1153 3563 certissimas
1168 3516 1248 3574 csse,
1270 3494 1359 3559 haud

340 3634 415 3680 raro
437 3621 548 3678 tamen
569 3634 625 3677 eas
648 3614 845 3679 dubitationi
867 3616 1012 3697 grauiori
1028 3616 1185 3679 leuioriue
1200 3614 1358 3678 obnoxias

342 3752 413 3800 csse
434 3730 586 3798 lubenter
608 3731 769 3796 concedo:
802 3732 975 3814 inprimis
997 3733 1143 3815 duplices
1166 3730 1243 3796 libri
1264 3750 1359 3794 uero·
1421 3814 1424 3821 Ι

342 3977 438 4029 nullum
454 3980 556 4042 praeter
571 3972 595 4022 D
613 3970 689 4023 sutlr
705 3978 796 4023 testem
813 3972 938 4037 cognouit,
956 3988 999 4023 sss
1016 3972 1043 4022 in
1060 3970 1123 4023 ‘solo
1141 3970 1173 4021 D’
1191 3978 1235 4023 sut
1252 3971 1278 4022 in
1297 3970 1360 4023 ‘solo

342 4058 373 4112 ΙΙ
390 4070 477 4112 extare
494 4058 614 4110 adnotare
631 4074 682 4109 non
698 4056 812 4125 neglexit
880 4058 915 4109 ts
933 4057 965 4110 ef.
984 4057 1016 4107 de
1033 4057 1259 4109 hacre'l'heodori
1270 4057 1360 4125 Heytii

342 4160 448 4210 qnoque,
465 4143 509 4209 qui
526 4152 673 4209 apparatum
690 4142 850 4195 catullianum
867 4141 1090 4210 locupletissimum
1106 4141 1224 4209 possidet,
1241 4141 1359 4193 indicium

343 4226 558 4296 incdit-pm
