3542 5167
762 712 1020 768 Lvnnl-axc

823 893 956 960 LVIIlI

446 1018 668 1117 Bononiensis
689 1048 777 1115 Rufa
795 1045 957 1110 Rufulum
978 1046 1078 1126 fellat,

445 1189 532 1235 uxor
553 1168 693 1243 Meneni,
714 1184 810 1247 saepe
831 1183 930 1245 quam
953 1164 988 1229 in
1012 1167 1205 1249 sepulcretis

446 1288 578 1352 uidistis
599 1287 670 1367 ipso
690 1302 804 1367 rapere
826 1280 866 1347 da
889 1305 968 1369 rogo
990 1306 1112 1364 cenam,

445 1426 519 1469 cum
541 1402 734 1467 deuolutum
756 1421 797 1465 ex
819 1402 897 1487 igne
918 1426 1119 1488 prosequens
1141 1428 1258 1489 panem

401 1523 485 1590 hab
508 1522 664 1587 semiraso
688 1520 883 1588 tunderetur
905 1533 1026 1593 ustore.

854 1763 920 1827 LX

442 1902 530 1998 Num
552 1940 584 1997 tc
605 1932 722 1997 leaena
742 1933 910 1998 montibus
932 1934 1098 2019 libystinis

445 2062 502 2118 aut
523 2049 635 2137 Scylla
657 2053 782 2118 latrans
803 2054 921 2117 infima
943 2054 1119 2138 inguinum
1141 2064 1233 2141 parto

441 2181 509 2238 tam
530 2181 641 2237 monto
663 2173 745 2237 dura
765 2174 951 2256 procreauit
973 2195 1010 2239 ac
1026 2182 1139 2252 taetra,

441 2299 479 2357 ut
500 2292 659 2375 supplicis
681 2312 795 2357 uocem
818 2294 853 2356 in
875 2294 1060 2358 nouissimo
1083 2315 1160 2359 essu

396 2412 417 2477 5
439 2419 659 2495 contemptam
681 2411 818 2477 haberes
841 2434 860 2477 a
881 2413 983 2477 nimis
1005 2413 1072 2478 fero
1095 2413 1216 2479 corde?

442 2614 548 2668 LVIIII
568 2616 600 2669 In
618 2617 711 2667 Rufum
735 2617 747 2665 ΙΙ
774 2617 786 2667 l
807 2616 886 2668 rufum
906 2618 978 2668 fallat
1001 2618 1013 2667 ll
1037 2616 1083 2668 Lx
1103 2618 1114 2667 l
1134 2618 1239 2669 liblsinis
1264 2619 1276 2666 ll
1301 2618 1393 2669 anilla

380 2699 393 2749 ll
411 2700 429 2749 4
446 2700 574 2767 suppliciis
598 2701 610 2749 ll
630 2702 646 2751 5
665 2701 813 2768 Contentum
838 2701 850 2750 ΙΙ
870 2702 959 2753 animis
988 2701 999 2750 ΙΙ
1028 2700 1089 2755 LXI
1107 2702 1301 2770 Epithalamium
1319 2702 1392 2755 Innio

373 2792 400 2837 et
416 2785 498 2837 Mallii

442 2940 538 2992 LVllll
557 2941 568 2990 l
588 2939 660 2990 fallat
676 2937 700 2987 V
715 2936 826 3005 Scaliper
929 2940 945 2989 5
964 2940 1029 2989 ‘mihi
1036 2940 1099 3003 fiais
1117 2942 1293 3007 epiprammatis
1312 2940 1392 2991 deesse

373 3024 465 3076 uidetur
482 3035 505 3075 et
521 3026 570 3075 eius
589 3024 653 3088 quod
668 3025 773 3088 sequitur
787 3022 945 3088 principium’
964 3022 1058 3074 Statius

442 3128 488 3179 LX
506 3128 671 3193 ‘fraqmentum
685 3126 766 3191 potius
784 3143 856 3189 quam
873 3126 1018 3191 epipramma
1035 3127 1160 3191 intepram'
1179 3126 1290 3178 Muretus

376 3214 387 3263 l
407 3212 546 3279 Libystinis
565 3209 676 3276 Scaliper
696 3211 739 3275 (cf.
762 3208 897 3260 OKellerus
916 3212 940 3260 in
956 3210 1105 3261 Fleckeiseui
1115 3212 1196 3263 armai.
1209 3213 1322 3277 supplem.
1334 3210 1395 3261 IIII

374 3299 475 3364 364).·
513 3297 649 3364 Libyssinis
678 3313 703 3350 ω
795 3298 846 3347 lia
862 3297 936 3366 nimis
954 3295 1015 3365 (V):
1034 3298 1066 3348 ah
1084 3298 1156 3348 alniis
1175 3291 1286 3372 [lmLm

442 3396 503 3453 LXI
529 3398 691 3450 CPleitaerum
710 3398 753 3465 (de
775 3400 935 3466 epithalamiis
953 3400 1099 3450 catulliaais.
1122 3400 1238 3466 Diliapae
1260 3418 1284 3452 a.
1304 3400 1390 3464 1858)

373 3487 447 3538 secati
463 3487 531 3536 huius
549 3485 698 3551 epithalamii
713 3486 795 3536 choros
814 3497 925 3551 quattuor
942 3505 959 3536 a
973 3487 1056 3551 pueris
1074 3496 1097 3535 et
1111 3486 1199 3551 puellis
1217 3485 1306 3534 ilicibus
1319 3485 1391 3534 alter·

373 3574 411 3621 ais
429 3570 545 3621 canendos
563 3570 723 3632 discreuimus,
741 3572 844 3635 primum
868 3573 908 3637 (u.
925 3573 1028 3636 1-45)
1052 3581 1075 3621 et
1095 3581 1204 3636 quartum
1224 3569 1390 3635 (191—235)

372 3656 523 3719 stropharum
540 3671 689 3716 scaenarum,
708 3655 807 3705 alterum
826 3656 978 3722 (aa-120)
998 3666 1021 3706 et
1038 3657 1128 3705 tertium
1147 3655 1310 3720 (121-190)
1330 3665 1391 3703 stro-

369 3738 473 3805 pharum
490 3747 658 3801 quateruarum
676 3738 801 3788 denarum.
837 3739 907 3806 aulpo
927 3740 1007 3804 (Lm)
1027 3758 1072 3789 aaa
1090 3749 1168 3788 tenore
1185 3740 1297 3802 strophae
1315 3756 1392 3788 ornnes

372 3823 503 3875 deaurant.
550 3820 740 3887 IAHartuapius
764 3823 850 3887 philol.
876 3823 925 3872 III
950 3824 1005 3874 246
1027 3823 1131 3887 uirpiaes
1152 3822 1219 3872 solas
1243 3839 1336 3872 carrusa
1355 3841 1391 3873 ce-

373 3911 459 3962 cinisse
481 3908 585 3975 putauit.
628 3908 659 3972 cs.
682 3908 751 3957 etiam
782 3907 949 3960 ORibbeclcius
975 3926 1027 3959 uou.
1053 3925 1112 3959 mus.
1132 3908 1216 3959 heluat.
1239 3907 1259 3956 Ι
1276 3909 1338 3960 229.
1357 3940 1391 3948 -

373 3998 541 4049 Lachmauaus
562 3995 587 4044 iu
609 3993 714 4059 Berplcii
734 4002 757 4043 et
782 3992 896 4044 Caesaris
919 3995 1030 4059 ephemer.
1054 3995 1129 4058 antiq.
1148 3994 1218 4045 1845
1232 4013 1263 4059 p.
1280 3997 1332 4045 484
1350 3995 1389 4045 ele·

372 4082 513 4132 monstrauit
533 4080 645 4145 strophas
667 4080 689 4131 h.
711 4078 822 4129 carminis
846 4079 956 4146 sinpelas
979 4096 1008 4129 ea
1029 4081 1164 4147 systematis
1186 4080 1286 4142 duobus,
1307 4082 1389 4145 priore

373 4183 481 4216 uersuum
498 4176 621 4227 ternorum,
635 4166 767 4231 posteriore
784 4182 891 4215 uastam
909 4166 1013 4216 binorum
1030 4176 1145 4217 constare.
1175 4165 1336 4231 adstipulatus
1354 4170 1389 4211 est

373 4248 504 4316 Hauptius,
521 4251 564 4315 qui
580 4252 628 4301 iam
645 4251 670 4302 ia
687 4269 726 4316 pu.
738 4251 777 4304 26
789 4252 879 4303 similia
896 4250 1014 4315 domarat,
1032 4252 1178 4319 etHeysius.
1205 4252 1245 4319 (pf.
1258 4245 1387 4300 LMueller
