3542 5167
729 692 920 745 xxnt-al

340 879 360 941 5
381 879 571 962 perscripta,
595 900 654 943 nec
676 880 723 945 sic
744 887 782 945 ut
804 882 841 945 fit
870 880 906 943 in
927 880 1161 965 palimpseston

384 996 500 1061 relata:
524 997 655 1063 chartac
677 998 795 1081 regiae,
824 1001 924 1063 nouci
945 998 1032 1077 libri,

381 1116 460 1179 noui
482 1116 639 1195 umbilici,
661 1117 733 1181 lora
754 1116 862 1195 rubra,
892 1117 1087 1183 membrana

382 1233 512 1298 derecta
532 1234 677 1317 plumbo,
701 1241 735 1298 et
754 1236 884 1317 pumice
907 1235 1017 1300 omnia
1039 1243 1187 1319 aequata.

382 1352 462 1417 haec
485 1373 560 1416 cum
581 1353 672 1437 legas
695 1360 742 1431 tu,
765 1353 873 1418 bellus
896 1355 953 1418 ille
976 1361 1009 1417 et
1029 1354 1175 1420 urbanus

320 1469 361 1534 10
382 1468 539 1534 Suffenus
560 1470 647 1535 unus
675 1471 898 1556 caprimulgus
925 1478 982 1536 aut
1003 1474 1108 1537 fossor

382 1608 496 1651 rursus
518 1587 661 1653 uidetur:
688 1594 816 1652 tantum
840 1587 993 1654 abhorret
1015 1611 1052 1654 ac
1074 1596 1187 1655 mutat

384 1706 445 1770 hoc
467 1706 545 1788 quid
567 1714 721 1789 putemus
744 1706 835 1770 esse?
857 1706 915 1788 qui
937 1707 1034 1772 modo
1057 1729 1170 1773 scurra

383 1831 440 1889 aut
460 1825 568 1906 siquid
590 1824 651 1889 hac
672 1845 708 1889 re
734 1825 846 1890 tritius
868 1824 1052 1903 uidebatur,

383 1941 469 2006 idem
491 1942 632 2008 infaceto
654 1950 705 2007 est
726 1943 900 2009 infacetior
924 1964 1010 2022 rure,

319 2061 360 2125 15
382 2061 483 2125 simul
504 2070 655 2144 poemata
683 2062 801 2143 attigit,
823 2082 931 2144 neque
952 2062 1042 2127 idem
1063 2084 1212 2146 unquam

381 2199 481 2260 aeque
503 2189 553 2243 est
577 2179 691 2244 beatus
714 2201 751 2244 ac
771 2201 887 2263 poema
908 2202 986 2246 cum
1007 2182 1134 2248 scribit:

381 2308 450 2362 tam
472 2298 592 2381 gaudet
613 2300 646 2362 in
671 2319 706 2362 se
731 2307 861 2381 tamque
882 2305 925 2363 se'
939 2302 1009 2382 ipse
1031 2302 1178 2364 miratur.

381 2419 540 2482 nimirum
554 2417 641 2482 idem
657 2438 769 2482 omnes
784 2418 942 2496 fallimur,
965 2439 1072 2500 neque
1093 2426 1144 2483 cst
1163 2419 1338 2501 quisquam

383 2558 483 2617 quem
506 2558 571 2600 non
594 2539 629 2600 in
653 2537 763 2617 aliqua
785 2557 820 2600 re
842 2536 955 2601 uidere
978 2536 1151 2601 Suffenum

321 2654 364 2717 20
385 2656 500 2735 possis.
524 2675 604 2718 suus
626 2656 744 2736 cuique
767 2655 945 2720 attributus
968 2664 1018 2719 est
1040 2674 1142 2719 error:

383 2772 440 2835 sed
462 2793 529 2836 non
551 2772 704 2837 uidemus
727 2774 888 2838 manticae
910 2773 997 2856 quod
1018 2774 1055 2836 in
1078 2779 1169 2855 tergo
1192 2776 1251 2835 est.

318 2976 334 3025 5
360 2976 435 3041 palmi
454 2982 525 3041 septo
550 2983 562 3030 Η
587 2975 685 3026 6noue
710 2984 722 3032 11
751 2973 767 3025 'l
790 2978 934 3028 membrana
959 2984 971 3032 ΙΙ
994 2976 1135 3026 8Detecta
1158 2984 1170 3032 ΙΙ
1196 2975 1227 3025 13
1244 2973 1340 3025 tristius

325 3070 337 3116 Η
364 3059 396 3109 14
418 3060 543 3111 infaceto
567 3069 607 3111 est
629 3061 654 3110 in
676 3060 757 3112 faceto
781 3070 794 3117 ΙΙ
821 3061 851 3111 16
870 3062 913 3127 ac]
932 3062 965 3111 ab
982 3060 1020 3111 uel
1037 3061 1070 3111 ha
1093 3069 1105 3116 ΙΙ
1132 3058 1163 3112 17
1181 3067 1298 3124 tanquam

275 3215 280 3226 '
389 3210 465 3264 XXII
486 3214 501 3262 5
523 3212 701 3279 palimpseston
718 3214 907 3265 Lachmacacs*
929 3213 999 3280 (Hp)
1019 3211 1220 3279 (palimpsestum
1237 3208 1340 3261 NHein·

320 3300 372 3348 sius
390 3297 446 3347 adu.
468 3297 552 3362 638):
571 3298 731 3364 palimpsesto
751 3296 793 3379 βω
811 3300 857 3348 Lm
985 3297 1048 3347 6111
1066 3295 1224 3361 palimpsesto
1242 3294 1341 3345 Relicta

321 3381 426 3448 Heysics
445 3382 555 3446 (Notata
572 3382 750 3448 Froeblictius)
832 3383 907 3434 nouei
924 3382 977 3430 Lm:
1001 3380 1058 3430 noui
1078 3373 1120 3455 βω
1190 3379 1206 3427 Β
1229 3378 1340 3426 Derecto

322 3466 416 3519 Statius
434 3468 478 3532 (cf.
496 3467 663 3517 Lachmaacus
681 3467 715 3517 ad
732 3466 829 3519 Lucret.
844 3484 870 3530 p.
883 3464 937 3515 217
949 3462 1044 3513 Halmii
1059 3462 1138 3526 praef.
1156 3459 1192 3509 ed
1211 3458 1266 3511 Tac.
1285 3477 1341 3509 ann.

317 3572 345 3619 p.
367 3553 428 3602 XX
433 3552 479 3618 V):
498 3552 603 3602 Directa
620 3551 751 3601 Palladius
770 3566 794 3601 ω
812 3550 858 3599 Lm
960 3547 977 3597 9
999 3546 1068 3597 Haec
1091 3563 1147 3596 cum
1168 3544 1237 3611 legas
1256 3543 1341 3609 (legis

321 3636 514 3701 Froclliclius'),
530 3643 583 3686 tum
600 3652 625 3688 ω
755 3636 791 3685 10
822 3636 886 3686 imus
912 3632 939 3681 F
941 3632 1136 3697 Umpsenbccltius
1167 3630 1239 3681 malet.
1262 3629 1342 3694 plaut.

321 3720 423 3788 (Gissis
441 3720 528 3786 1860)
542 3720 581 3771 36
593 3719 634 3785 (at
644 3722 675 3785 ps.
687 3719 899 3770 ABaunutarlcius
912 3717 994 3770 ccccl.
1003 3716 1074 3768 laba.
1087 3714 1221 3765 LXXXI
1232 3714 1285 3765 764
1296 3715 1340 3778 sq)

408 3807 435 3856 ll
455 3813 527 3856 nutat
546 3797 588 3880 βω
693 3804 723 3853 13
742 3804 837 3855 tristius
863 3801 1013 3853 VHandius
1031 3804 1081 3851 obs.
1099 3820 1131 3853 cr.
1153 3800 1185 3851 79
1202 3800 1249 3849 hoe
1266 3797 1340 3849 retri-

320 3890 370 3941 tius
389 3888 500 3954 Scaliper
609 3888 641 3938 19
659 3888 684 3938 in
701 3889 753 3939 ulla
770 3905 798 3940 re
810 3886 923 3937 Haedina
942 3889 990 3938 obs.
1006 3886 1037 3936 81
1139 3886 1169 3934 21
1191 3882 1341 3946 Porphyrion

320 3972 356 4024 od
370 3972 471 4024 Horatii
486 3990 556 4023 serm
576 3971 610 4021 ΙΙ
625 3972 644 4021 3
663 3972 718 4024 299
735 3972 760 4023 in
779 3973 889 4039 priorem
907 3970 1068 4037 (manticam)
1087 3966 1245 4018 alienabitis
1262 3964 1340 4013 mitti-

320 4075 384 4119 mus,
401 4057 460 4109 ideo
478 4065 505 4107 et
520 4056 634 4107 uidemus
652 4055 737 4107 facile:
756 4057 782 4107 in
800 4056 966 4124 posteriorem
984 4061 1150 4116 nostroquae
1168 4047 1341 4100 abscondimus

320 4149 350 4194 et'
370 4143 456 4194 uidere
478 4143 599 4193 nolumus.
618 4140 665 4190 hoc
683 4140 797 4194 Catullus
814 4141 928 4193 meminit
949 4137 1023 4203 ‘[sed
1046 4135 1110 4201 uon]
1139 4133 1251 4185 uidemus
1268 4150 1339 4185 man·

320 4227 385 4279 ticae
402 4225 471 4294 quod
487 4227 513 4278 in
530 4234 601 4291 tergo
619 4221 671 4277 est’

1069 4317 1110 4369 4*
