3542 5167
869 890 898 957 O

437 1009 570 1107 Caelius
592 1043 785 1107 Aufilenum
808 1050 841 1109 et
862 1044 1020 1124 Quintius
1043 1047 1234 1113 Aufilenam

478 1164 538 1227 flos
560 1183 780 1229 uerenensum
802 1163 980 1248 depereunt
1000 1167 1170 1246 iuuenum,

437 1282 490 1345 hio
505 1282 650 1360 fratrem,
665 1282 723 1347 ille
735 1304 889 1348 sororem.
913 1284 974 1349 hoo
986 1292 1044 1363 est,
1060 1286 1146 1368 quod
1158 1286 1289 1367 dieitur,
1303 1287 1386 1352 illud

477 1402 661 1468 fraternum
684 1422 761 1467 uere
784 1401 879 1468 dulce
902 1404 1099 1469 sodalitium.

393 1521 412 1582 5
436 1522 486 1585 eui
509 1522 639 1585 faueam
662 1522 792 1604 potius?
814 1519 916 1601 anli,
938 1523 1013 1589 tibi:
1037 1545 1113 1589 nam
1136 1533 1194 1590 tua
1215 1525 1309 1590 nobie

477 1662 535 1723 per
557 1641 645 1705 foeta
666 1642 806 1706 exhibito
828 1647 880 1706 eet
901 1642 999 1707 uuioa
1021 1645 1177 1722 amicitia,

434 1780 508 1823 oum
531 1781 653 1825 uesana
674 1781 766 1826 meae
787 1769 925 1826 torreret
948 1764 1083 1827 flamma
1104 1763 1277 1829 medullas.

476 1881 521 1945 eis
543 1880 634 1960 felix,
658 1880 759 1959 anli,
781 1881 828 1947 eis
851 1882 887 1945 in
910 1903 1021 1947 amore
1042 1890 1167 1967 potens.

854 2086 900 2153 01

431 2208 557 2304 Multae
581 2260 639 2324 per
660 2247 776 2323 gentes
799 2248 832 2305 et
852 2242 961 2305 multa
982 2263 1041 2323 per
1062 2261 1202 2322 aequore
1224 2249 1338 2306 uectus

480 2357 620 2423 aduenio
642 2359 702 2423 has
724 2360 872 2437 miserae,
895 2360 1005 2437 frater,
1028 2359 1069 2422 ad
1091 2360 1234 2437 inferiae,

437 2485 475 2542 ut
496 2486 529 2543 te
550 2485 716 2561 postremo
739 2479 895 2543 donarem
918 2498 1054 2543 munere
1075 2481 1191 2544 mortis

479 2605 512 2660 et
533 2604 662 2661 mutam
685 2598 899 2679 nequicquam
924 2596 1106 2678 alloquerer
1128 2598 1280 2675 cinerem,

393 2718 412 2779 5
436 2715 699 2798 quandoquidem
721 2719 853 2782 fortuna
874 2717 958 2781 milri
981 2724 1046 2781 tote
1068 2717 1205 2782 abstulit
1226 2719 1345 2801 ipsum,

478 2836 543 2901 heu
565 2836 665 2901 miser
686 2835 821 2921 indigne
843 2837 946 2901 frater
968 2835 1121 2919 adempte
1142 2837 1234 2904 mihi.

440 3042 460 3093 C
483 3040 512 3092 In
530 3042 626 3093 Celium
644 3049 671 3093 et
689 3041 818 3103 Quintium
837 3041 850 3109 Η
869 3042 886 3092 2
903 2999 1078 3094 tieer'rotiiigriiffm
1105 3042 1237 3109 deperaret
1260 3042 1272 3109 ΙΙ
1292 3042 1309 3092 6
1326 3042 1388 3093 Per-

372 3128 439 3179 feete
456 3136 473 3179 e
492 3128 599 3195 exigitur
616 3135 656 3179 eet
666 3127 706 3194 117
722 3144 831 3179 ueeeene
841 3126 853 3195 ΙΙ
865 3127 939 3179 fleme
950 3127 962 3195 Η
974 3128 1007 3178 01
1024 3128 1112 3180 Fletus
1130 3128 1162 3179 de
1179 3136 1259 3179 morte
1276 3128 1360 3179 fratris

442 3282 461 3332 O
479 3282 496 3332 2
513 3280 687 3332 uereneueium
707 3274 749 3357 βω
790 3293 798 3310 ’
840 3278 857 3328 6
875 3280 926 3330 Per
943 3279 1010 3330 faeta
1024 3279 1135 3331 exhibite
1146 3286 1186 3331 eet
1198 3279 1390 3330 Lachmaauus*:

373 3368 489 3419 Perfecta
506 3366 613 3431 exigitur
634 3356 677 3440 βω
696 3363 742 3414 Lm
767 3364 906 3429 Perspecto
932 3362 1010 3427 exigit
1035 3364 1082 3413 hoe
1116 3361 1222 3413 Celerius
1251 3361 1390 3413 Minturnae

373 3452 487 3502 Perreius
507 3468 532 3505 ω
550 3449 611 3498 Lm*
628 3449 765 3513 Perepeete
782 3453 821 3497 eet
838 3444 1289 3510 igiturFruteriusuer-ieimil.1114
1307 3444 1390 3510 (Grut.

376 3538 446 3602 lamp.
461 3535 496 3586 11
510 3535 573 3600 854)
591 3533 641 3584 iem
658 3539 703 3583 tua
719 3531 792 3583 nobie
809 3529 927 3581 Perfeete
945 3537 984 3581 eet
1000 3530 1077 3597 igitur
1097 3522 1113 3606 β
1135 3528 1236 3581 Vossius
1253 3531 1391 3597 Perspeeta

373 3634 413 3674 eet
434 3621 513 3689 signis
537 3618 701 3670 Froehlichius
722 3617 862 3682 Perspecto
884 3613 973 3666 eximie
996 3622 1035 3666 eet
1056 3614 1217 3666 HAKochiue
1238 3618 1310 3683 symb.
1329 3614 1391 3680 ptit

373 3710 441 3760 bona.
460 3705 518 3756 320

442 3808 475 3859 01
492 3806 509 3857 2
526 3805 626 3857 Adueui
643 3802 737 3856 Sarius
754 3819 780 3856 ω
799 3799 902 3855 Adueni
924 3800 957 3851 eh
977 3800 1081 3853 miseras
1103 3800 1267 3852 Froehliclriue
1373 3801 1390 3851 4

373 3901 468 3943 mutum
479 3884 529 3970 βω.
542 3889 586 3941 sed
596 3890 626 3954 (f.
636 3888 692 3938 LX
697 3886 777 3938 Vlllb
791 3886 829 3937 90
873 3894 930 3951 post
938 3886 956 3934 4
965 3885 1064 3936 inseruit
1070 3884 1127 3935 LX
1132 3884 1247 3936 V9-14
1255 3885 1280 3933 A
1289 3884 1389 3935 Weieius

371 3994 454 4042 progr.
477 3978 614 4040 nuemburg.
636 3992 660 4025 a.
682 3973 755 4025 1863
768 3990 796 4037 p.
814 3971 854 4022 30
959 3970 976 4020 5
994 3980 1017 4021 et
1033 3970 1049 4022 6
1068 3969 1107 4020 del
1125 3968 1316 4019 GBernlrardius
1334 3966 1389 4021 tut.

376 4062 445 4112 litter.
463 4062 565 4111 νοηιανι.4
583 4058 640 4110 552
733 4058 750 4107 6
767 4064 793 4109 to
810 4064 836 4107 te
853 4054 1022 4105 Laelamunnue
1039 4054 1064 4103 in
1081 4052 1180 4103 editione
1196 4052 1300 4103 secunda
1318 4051 1388 4119 (Hp.)

477 4146 494 4196 6
511 4145 604 4197 misero
621 4143 698 4194 nescio
715 4144 768 4208 quie
785 4152 840 4193 ente
858 4139 962 4192 Statium
970 4137 1068 4188 Vossius
1086 4154 1111 4191 ω
1228 4146 1284 4203 post
1303 4137 1320 4187 6
1340 4136 1391 4187 add

375 4230 460 4281 LXV
475 4231 569 4281 9-14
590 4227 724 4279 Fflaastus
745 4228 876 4281 mucellae.
895 4223 982 4292 philol.
1007 4222 1046 4276 tt.
1064 4220 1114 4273 III
1129 4223 1139 4289 (
1153 4221 1283 4275 Vratetzu.
1301 4222 1387 4287 1861)
