3542 5167
889 872 1025 939 LXXII

513 999 653 1095 Ilioebes
676 1026 843 1111 quondum
865 1026 973 1092 solum
995 1034 1027 1091 te
1049 1045 1144 1091 nosse
1167 1023 1348 1105 Catullum,

556 1147 688 1222 Lesbia,
710 1167 770 1211 nee
790 1166 870 1228 prae
890 1167 944 1210 me
966 1145 1052 1210 uelle
1074 1150 1185 1208 tenere
1207 1143 1330 1209 Iouem.

512 1265 615 1331 dilexi
635 1276 708 1331 tum
730 1274 762 1330 te
783 1286 851 1331 non
872 1272 1004 1329 tantum
1025 1271 1063 1329 ut
1084 1263 1206 1346 uulgus
1229 1262 1378 1340 amicam,

557 1383 614 1449 sed
635 1391 728 1467 pater
749 1390 788 1448 ut
809 1391 926 1467 gnatos
949 1382 1058 1467 diligit
1080 1390 1113 1447 et
1133 1403 1280 1466 generos.

470 1504 490 1567 5
512 1524 601 1568 nuno
623 1511 655 1568 te
677 1503 830 1587 cognoui:
854 1522 955 1585 quare
976 1502 1039 1566 etei
1060 1502 1243 1585 impensius
1265 1523 1351 1580 uror,

555 1621 662 1687 multo
683 1622 729 1686 mi
750 1629 863 1686 tamen
885 1641 921 1686 es
942 1620 1042 1686 uilior
1063 1628 1096 1685 et
1117 1620 1229 1685 leuior.

512 1742 570 1823 qui
590 1741 676 1827 potis
698 1741 768 1805 est?
789 1740 907 1822 inquis.
947 1742 1033 1822 quod
1056 1747 1221 1805 amentem
1242 1739 1365 1804 iniuria
1386 1740 1464 1805 talis

554 1860 641 1942 cogit
661 1879 771 1923 amare
792 1859 907 1941 magis,
930 1858 988 1922 sed
1010 1858 1093 1922 bene
1115 1858 1203 1923 uelle
1224 1857 1345 1922 minue.

877 2107 1034 2175 LXXIII

512 2248 636 2345 Ilesine
658 2279 699 2344 de
721 2299 886 2362 quoquam
907 2279 1082 2363 quiequam
1103 2280 1185 2351 bene
1207 2280 1295 2345 uelle
1317 2281 1436 2346 mereri

552 2404 612 2463 eut
633 2398 776 2481 aliquem
798 2400 870 2463 fieri
891 2419 987 2481 posse
1008 2406 1126 2483 putere
1146 2398 1249 2481 pium.

511 2518 622 2583 omnia
643 2524 722 2582 eunt
741 2518 882 2601 ingrata,
905 2518 990 2583 nihil
1012 2518 1128 2583 fecisse
1152 2517 1292 2602 benigne

548 2638 695 2721 prodest:
717 2636 785 2700 imo
807 2637 908 2700 etiam
929 2634 1037 2701 taedet
1060 2635 1216 2719 obestque
1237 2637 1361 2721 magis:

514 2838 611 2889 LXXII
628 2838 669 2889 Ad
686 2837 802 2889 Lesbiam
814 2838 853 2907 116
871 2838 951 2891 Multo
969 2839 1005 2891 ita
1021 2858 1062 2891 me
1079 2857 1125 2892 noo
1142 2841 1216 2893 uilior
1226 2840 1266 2909 117
1285 2860 1358 2908 quam
1376 2861 1466 2894 aman-

445 2934 497 2974 tem
516 2922 528 2989 ΙΙ
547 2922 657 2974 LXXIII
676 2922 687 2972 l
707 2924 838 2990 quisquam
855 2922 900 2989 114
917 2924 970 2976 Imo
988 2926 1063 2977 etiam
1081 2926 1151 2977 tedet
1167 2927 1288 2994 obestque
1306 2929 1340 2993 (ot
1355 2929 1466 2995 stetque)

445 3008 576 3074 mgisque
592 3007 672 3072 magia

515 3157 615 3211 LXXII
632 3158 649 3209 6
665 3158 700 3209 mi
717 3166 801 3210 tumen
818 3176 846 3209 es
865 3153 882 3235 β
898 3159 960 3224 (‘sic
981 3171 1018 3211 est
1037 3161 1062 3211 in
1080 3161 1157 3211 codice
1178 3162 1350 3228 manuson‘pto'
1368 3173 1424 3214 uoto
1441 3165 1468 3215 in

446 3243 546 3294 Antonii
562 3243 659 3294 Porreii
678 3243 783 3307 exemplo
805 3243 914 3293 editionis
935 3244 1041 3295 aldiane-
1055 3246 1202 3298 berolinensi.
1224 3248 1255 3311 os.
1274 3245 1398 3313 Spenyelii
1415 3247 1468 3299 loct.

448 3328 494 3396 98)
514 3339 538 3379 et
554 3328 706 3380 BGuaiinus
724 3329 778 3380 edit.
796 3347 821 3381 a.
839 3329 969 3394 1521fol.
980 3329 1061 3387 ,01⁰2
1077 3331 1113 3382 its
1129 3348 1170 3382 me
1187 3349 1234 3384 nee
1254 3330 1279 3381 V
1373 3333 1390 3383 7
1408 3334 1469 3400 quia

447 3414 536 3482 (quam
561 3413 595 3482 V)
614 3423 738 3466 amantem
756 3411 851 3465 Statius
876 3415 975 3467 Vossius
1085 3417 1102 3467 8
1123 3416 1236 3467 Donatus
1258 3416 1293 3468 od
1316 3416 1370 3468 Tor.
1388 3418 1467 3470 Andr.

448 3500 498 3551 718
515 3498 589 3567 (1111
603 3500 623 3551 3
639 3502 684 3565 3).·
701 3501 795 3553 amiens
813 3501 897 3562 animi,
916 3509 1011 3552 amator
1027 3518 1087 3553 uero
1105 3503 1222 3569 corporis.
1254 3519 1303 3555 non
1321 3503 1387 3555 enim
1405 3521 1466 3554 oon·

445 3584 514 3635 tinuo
531 3582 601 3636 emor
618 3593 657 3636 ost
674 3586 717 3650 qui
734 3587 798 3637 bene
815 3586 878 3637 uult.
912 3594 942 3637 ut
958 3586 1025 3637 Dido
1043 3588 1136 3637 amauit
1153 3588 1255 3653 quidem
1271 3588 1400 3639 Aeneam:
1420 3590 1465 3639 eed

444 3685 494 3719 non
517 3676 544 3719 et
566 3669 644 3720 amica
665 3670 716 3719 fuit
738 3687 802 3734 quae
824 3671 860 3720 uit
882 3671 948 3736 (aon.
971 3670 1036 3721 IIII
1057 3670 1130 3735 600)
1153 3671 1222 3722 ‘Non
1245 3673 1316 3738 potui
1333 3674 1465 3740 abreptum

444 3751 567 3803 diuellere
585 3768 675 3818 corpus
687 3753 799 3803 etundis
810 3752 955 3821 Spargere'.
990 3754 1092 3805 etitem
1109 3754 1223 3807 catullus
1235 3754 1319 3824 ‘cogn
1330 3786 1363 3795 -
1375 3758 1465 3810 minus’

547 3835 669 3887 Guarinus
686 3854 737 3886 oum
752 3854 824 3887 uorsa
840 3838 857 3888 8
874 3839 982 3889 cenauit
997 3856 1090 3888 carmen
1112 3838 1263 3894 LXXXV.
1297 3841 1391 3893 Statius
1414 3860 1465 3892 cum

444 3923 488 3973 loc
508 3922 610 3971 carmine
631 3921 762 3971 coniunctos
784 3922 836 3971 uult
858 3932 881 3972 ot
902 3939 984 3973 uorsus
1006 3932 1117 3986 quattuor
1139 3943 1197 3990 quos
1220 3927 1274 3977 otini
1296 3942 1344 3991 pro
1361 3926 1465 3976 carmine

444 4005 562 4058 LXXV
572 4008 690 4057 habebant
706 4017 728 4057 ot
744 4005 804 4056 idom
821 4006 884 4057 illud
899 4024 992 4057 carmen
1009 4006 1156 4059 LXXXV

513 4111 623 4162 LXXIII
649 4111 666 4162 3
691 4110 762 4177 nulyo
789 4109 866 4175 (Lm)
893 4120 949 4174 post
974 4111 1083 4178 benigne
1109 4111 1236 4162 orationem
1264 4110 1464 4177 intorpunseront.

446 4195 553 4268 benigne
571 4203 611 4247 est
627 4212 652 4253 ω
749 4195 767 4246 4
782 4195 892 4248 Prodest
908 4194 960 4246 add
977 4194 1075 4247 Guietus
1093 4196 1160 4264 opud
1176 4194 1285 4247 Vossium
1301 4195 1463 4250 tloetlntius
