3542 5167
627 679 753 737 uxxvu
772 685 1010 756 1-oxxv1116
1288 645 1350 752 14⁷

757 870 925 938 uxxvu
1004 843 1005 847 ‘

396 984 490 1099 Rufe
512 1016 594 1080 mihi
617 1020 741 1083 frustra
763 1042 800 1086 ao
822 1027 1040 1108 nequicquam
1064 1032 1187 1097 eredite
1209 1036 1314 1102 amieo

436 1136 595 1208 (frustrat
616 1138 682 1203 imo
704 1162 825 1223 magno
848 1164 925 1208 oum
947 1149 1052 1227 pretio
1075 1159 1171 1233 atque
1193 1155 1304 1237 malo),

395 1253 514 1317 sieoine
537 1255 700 1341 subrepsti
722 1260 786 1323 mei
808 1270 908 1343 atque
930 1264 1088 1332 intestina
1108 1268 1286 1351 perurens

434 1373 462 1435 ei
483 1373 605 1439 misero
628 1376 778 1459 eripuisti
800 1382 911 1447 omnia
932 1390 1044 1449 nostre
1067 1387 1175 1452 bona?

349 1490 369 1551 5
393 1491 553 1572 eripuisti,
576 1494 727 1560 heuheu
750 1506 882 1564 nostrae
904 1502 1035 1567 orudele
1057 1528 1224 1573 uenenum

434 1611 532 1704 uitae,
555 1612 619 1676 heu
642 1614 707 1678 heu
728 1623 862 1682 nostrae
883 1623 988 1700 pestis
1010 1624 1181 1690 amicitiae.

738 1966 928 2034 LXXVIII

390 2123 507 2218 Gallus
519 2155 618 2219 hebet
628 2156 754 2232 fratres,
767 2177 909 2238 quorum
920 2166 971 2224 est
982 2159 1184 2242 lepidissima
1196 2161 1341 2228 coniunx

432 2272 576 2350 alterius,
600 2274 727 2358 lepidus
749 2277 840 2340 filius
863 2278 1008 2341 alterius.

389 2390 509 2456 Gallus
531 2393 629 2457 homo
646 2401 696 2457 est
710 2393 831 2458 bellus:
855 2415 933 2458 nam
949 2394 1060 2460 dulees
1081 2388 1189 2481 iungit
1204 2418 1341 2477 amores,

430 2529 505 2573 eum
526 2531 628 2592 puero
649 2519 688 2574 ut
708 2511 796 2576 bello
820 2511 907 2576 bella
928 2513 1039 2597 puelle
1062 2515 1166 2579 cubet.

344 2628 364 2689 5
391 2627 511 2692 Gallus
533 2629 631 2694 bomo
654 2638 703 2694 est
718 2630 841 2695 stultus
857 2652 917 2696 nee
933 2653 968 2696 se
982 2632 1074 2696 uidet
1088 2654 1159 2699 esse
1173 2636 1340 2714 maritum,

431 2748 488 2828 qui
509 2757 647 2829 patruus
670 2751 779 2831 patrui
802 2758 964 2815 monstret
986 2752 1194 2817 adulterium.

393 3019 514 3071 LXXVII
531 3022 573 3072 'Ad
590 3022 682 3074 Rufum
702 3023 714 3090 ΙΙ
735 3024 745 3073 1
767 3024 840 3075 Ruffe
860 3024 872 3090 ΙΙ
892 3028 908 3075 3
926 3025 1034 3076 subrecti
1054 3025 1066 3091 ΙΙ
1085 3026 1102 3073 4
1119 3023 1146 3075 si
1158 3025 1197 3092 116
1215 3034 1301 3091 peetus
1317 3026 1328 3091 Η

325 3104 457 3155 LXXVIII
475 3105 560 3157 7-10
578 3126 595 3157 a
612 3109 678 3158 nobis
692 3120 750 3174 post
766 3109 884 3159 LXXX
900 3111 915 3161 8
934 3110 1051 3175 conlocuti
1066 3120 1121 3160 suut

392 3326 514 3378 LXXVII
535 3328 545 3375 l
566 3328 644 3377 amice
663 3342 688 3378 ω
706 3326 810 3391 Heysius
828 3328 928 3393 cognite
946 3328 1024 3378 amIoo
1042 3327 1127 3377 aldina
1144 3347 1168 3377 a.
1181 3330 1249 3379 1515
1322 3330 1339 3379 2

323 3410 396 3460 immo
415 3410 461 3458 Lm
537 3412 554 3459 3
573 3410 706 3473 subrepsti,
725 3426 831 3474 meaque
849 3410 968 3461 Intestina
985 3409 1070 3459 aldina
1088 3428 1111 3462 u.
1132 3411 1205 3461 1502
1273 3414 1289 3460 4
1309 3411 1339 3462 ui
1362 3420 1364 3424 ’

323 3494 509 3554 Lucbruanuus:
531 3493 559 3543 Si
584 3493 664 3544 VSie
682 3485 724 3568 βω
747 3491 911 3541 Rossbachius
929 3493 966 3541 Mi
985 3485 1027 3568 βω
1113 3492 1276 3543 Rossbachius
1294 3512 1339 3545 nou

320 3588 376 3643 post
393 3580 465 3640 bona,
483 3576 527 3625 sed
539 3586 596 3641 post
613 3577 696 3627 omnia
712 3576 876 3640 iuterropundi
890 3576 981 3642 sipnum
989 3577 1077 3639 posuit.
1100 3578 1233 3645 subrepsti,
1251 3595 1340 3644 meque

321 3663 440 3713 intestina
462 3679 583 3727 perurens
605 3662 642 3720 Mi
664 3662 754 3713 mIsero
777 3661 907 3727 eripuisti?
935 3661 1016 3711 omnia
1038 3668 1123 3713 nostro
1145 3650 1211 3713 bona
1239 3661 1338 3713 Vossius

424 3764 474 3796 cum
495 3745 566 3795 uersu
592 3747 609 3798 6
631 3746 676 3797 duo
698 3746 801 3796 disticho
824 3746 848 3813 Iu
872 3745 939 3795 libris
958 3754 1017 3809 post
1038 3744 1202 3798 LXXVIII
1222 3748 1239 3798 6
1258 3749 1339 3812 posita

324 3830 390 3892 (olim
402 3830 474 3896 uulpo
486 3840 608 3881 numeratu
620 3830 782 3881 LXXVIII
798 3830 893 3895 7-10)
912 3828 1024 3897 Seuliqer
1041 3832 1161 3882 coniunxit
1177 3833 1213 3897 (ω
1225 3831 1270 3881 Lm
1286 3830 1338 3896 Hp.

323 3911 383 3977 Rb.)
402 3916 432 3977 cs.
451 3914 486 3964 ud
501 3913 662 3964 LXXVIII
675 3925 697 3965 et
715 3913 832 3964 LXXX
848 3916 864 3964 8

391 4013 523 4065 LXXVIII
540 4014 570 4063 de
587 4016 693 4065 uersibus
714 4016 808 4066 7-10
826 4016 880 4065 olim
898 4016 969 4080 uulpo
989 4014 1070 4079 (Hs.)
1089 4007 1215 4064 coniunctis
1233 4032 1283 4063 cum
1300 4033 1353 4066 uu..

323 4098 393 4147 1-6’
411 4098 441 4162 cf.
459 4096 562 4148 Statium
579 4108 602 4148 et
625 4097 732 4148 Vossium
749 4099 784 4149 ud
799 4100 823 4152 Ιι.
843 4100 859 4152 l.
878 4109 978 4163 atquae
995 4097 1096 4147 uiuimus
1114 4097 1148 4147 ad
1164 4097 1251 4171 LXX
1256 4097 1339 4150 V116

323 4180 397 4232 etad
412 4180 529 4231 LXXX
545 4183 561 4232 8

1081 4279 1136 4333 19*
