3542 5167
620 695 763 747 mxxv
781 697 1028 751 s-nxxxxvre
1269 685 1330 749 155

378 878 485 942 millia
509 900 582 942 eum
606 880 732 944 interea
754 881 936 965 quingenta
959 885 1157 950 Hortensius
1180 907 1246 949 uno

334 1115 354 1177 5
377 1115 523 1199 Zmyrna
545 1137 641 1180 crtuas
665 1115 817 1181 Satrachi
840 1121 972 1201 penitus
989 1123 1138 1186 mittetur
1157 1122 1197 1187 ad
1214 1122 1329 1199 undas,

419 1234 600 1319 Zmyrnam
623 1256 705 1300 cana
727 1236 784 1301 ‹liu
808 1239 939 1303 saecula
959 1242 1160 1321 peruelueat.

377 1361 410 1416 at
434 1353 551 1417 Volusi
573 1354 710 1417 annales
733 1354 883 1419 Paduam
907 1358 1089 1422 morientur
1112 1359 1151 1423 ad
1177 1360 1283 1441 ipsam

418 1482 451 1534 et
474 1472 566 1535 laxas
590 1472 749 1537 scombris
772 1496 867 1556 saepe
890 1475 1017 1539 dabunt
1040 1478 1175 1542 tunicas.

377 1613 481 1673 parua
503 1592 567 1654 mei
590 1592 673 1655 mihi
695 1593 764 1657 sint
785 1592 879 1688 curtii
898 1603 1112 1659 monumenta
1133 1597 1268 1659 sedeatis:

316 1708 356 1774 10
420 1719 454 1775 at
475 1711 617 1793 pupulus
642 1711 767 1775 tumido
789 1712 932 1795 gaudeat
953 1713 1159 1777 Antimacho.

709 1932 929 1998 LXXXXVI

376 2086 416 2181 Si
439 2119 615 2200 quicquam
638 2120 739 2183 mutis
761 2129 893 2202 gratum
915 2128 1128 2202 acceptamus
1150 2122 1308 2203 sepulcris

417 2237 561 2300 accidere
583 2259 602 2301 a
625 2246 745 2315 nostro,
769 2238 881 2314 Calue,
904 2238 1151 2320 (interemtam,

379 2510 520 2560 LXXXXV
539 2511 555 2559 5
568 2527 642 2559 canas
654 2509 666 2574 Η
677 2509 693 2558 6
706 2509 830 2575 peruoluit
841 2509 853 2575 ΙΙ
865 2509 880 2559 9
894 2509 985 2560 sedalis
998 2510 1105 2558 omissum
1118 2509 1129 2574 lt
1144 2508 1174 2559 10
1184 2509 1324 2559 entimscha

322 2595 334 2660 11
346 2594 502 2645 Lxxxxvl
523 2596 533 2645 l
554 2594 627 2645 mutis
646 2602 671 2644 st

410 2815 427 2864 3
453 2814 493 2863 del
522 2812 615 2864 Statius
718 2814 883 2865 Hortensibus
914 2813 1053 2879 RVnyeras
1084 2814 1112 2863 (le
1147 2813 1251 2863 Tanusia
1278 2815 1325 2863 Ge·

309 2899 369 2947 mrito
387 2898 535 2963 (Braadenb.
548 2897 615 2948 Noui
625 2898 705 2965 1856)
722 2916 746 2962 p.
759 2900 798 2948 18.
834 2917 876 2963 eya
898 2916 988 2962 quiaque
1010 2897 1039 2947 de
1057 2899 1154 2947 ueritate
1172 2917 1194 2948 a.
1213 2898 1323 2948 Horten·

310 2984 361 3034 sins
378 2983 464 3036 dubito.
501 2985 531 3048 cf.
553 3002 613 3047 quae
635 2983 688 3033 dat
708 3002 747 3047 qu.
767 2981 855 3034 1286
872 2984 956 3034 Miltia
974 3002 1028 3034 cum
1047 2983 1144 3035 interea
1162 2992 1200 3034 ter
1217 2985 1325 3049 quinque

309 3087 430 3136 Tanusius
449 3102 497 3137 unu
515 3085 678 3135 Haehlichtiu
780 3086 797 3135 4
814 3085 842 3134 de
860 3087 975 3135 sententia
993 3086 1014 3135 h.
1032 3104 1055 3135 u.
1074 3087 1097 3136 in
1120 3085 1142 3134 V
1157 3085 1277 3149 intercepti
1294 3087 1324 3150 es.

310 3189 348 3234 qu.
367 3169 455 3219 1268
557 3168 706 3221 bsatraehi
734 3170 764 3229 V,
782 3169 846 3233 quad
862 3170 915 3219 tatu
934 3170 983 3220 leco
1001 3170 1130 3221 uindicatis
1143 3170 1235 3235 peintus
1263 3168 1322 3219 Wei·

309 3255 400 3303 chertus
419 3253 461 3303 rel.
476 3264 541 3317 poet.
561 3253 602 3303 lat.
621 3253 680 3313 179,
698 3272 725 3309 18
742 3254 788 3317 (cs.
806 3253 912 3318 Hauptii
928 3273 967 3318 qu.
986 3256 1020 3305 97
1039 3258 1087 3307 obs.
1107 3256 1123 3304 1
1128 3254 1152 3320 i:
1181 3254 1279 3305 Atracis
1299 3270 1324 3307 u)

310 3338 395 3388 Ataeis
414 3336 508 3388 Statius
528 3353 553 3389 ur
601 3322 607 3345 Ι
653 3337 776 3388 hincaua
794 3330 837 3413 βω
945 3337 1091 3389 7Psduam
1118 3338 1143 3386 V
1156 3354 1180 3390 tu
1195 3338 1325 3387 uindicauit

311 3421 416 3473 RTitius
435 3422 627 3473 tamassanus.
646 3418 678 3467 X
692 3419 711 3469 3
726 3437 752 3483 p.
769 3420 823 3471 251
840 3430 862 3469 et
878 3420 1017 3469 assertionis
1032 3438 1059 3484 p.
1078 3421 1133 3469 204
1156 3422 1202 3483 (ef.
1219 3420 1326 3484 Hauptii

310 3526 348 3572 qu.
368 3509 403 3558 98
414 3515 437 3556 et
448 3524 476 3555 m.
495 3503 654 3569 qa1279):
673 3502 783 3553 Paduam
801 3503 964 3552 Froeielichius
982 3503 1080 3553 Adusm
1098 3502 1194 3555 Vossius
1213 3504 1323 3569 Capuam

310 3590 467 3641 Passeratius
485 3590 568 3639 betam
582 3586 688 3653 Vnyerus
705 3587 795 3638 Pataui
812 3587 949 3638 morientur
965 3588 998 3637 ad
1016 3588 1102 3638 urbem
1121 3580 1138 3665 β
1153 3605 1242 3655 apuam
1263 3605 1322 3653 par·

309 3684 400 3739 gentur
421 3675 454 3725 sd
478 3673 556 3739 ipsum
579 3671 691 3738 Seuliqer
797 3672 853 3722 aa
872 3670 904 3721 10
921 3689 937 3721 a
951 3671 1145 3736 praecedentius
1162 3671 1325 3723 duiurmerunt

311 3759 404 3810 Statius
421 3758 466 3807 Lm
478 3757 601 3823 Hauptius
618 3758 660 3822 (cs.
672 3757 722 3807 eius
733 3775 772 3821 qu.
786 3756 840 3821 99).
858 3754 902 3805 sed
918 3756 948 3819 ff.
966 3774 1005 3821 qu.
1022 3755 1039 3806 1
1055 3756 1111 3807 282
1200 3766 1258 3808 sunt
1281 3749 1323 3833 βω

381 3842 473 3895 sodalis
486 3844 530 3906 (um
539 3841 621 3907 VIau)
635 3842 686 3892 add
693 3841 778 3892 aldina
786 3858 809 3891 a.
819 3839 893 3892 1502
901 3839 969 3893 Iam:
981 3818 1226 3907 Philetse⁸Berqhtus
1236 3842 1321 3906 eptem.

309 3926 421 3976 scholast.
433 3928 512 3987 1835,
525 3944 561 3977 nr.
573 3926 609 3976 37
622 3926 691 3993 (Hs.)
709 3926 843 3977 Phanuelis
861 3924 1024 3986 Rossbachius
1043 3926 1136 3976 laboris
1152 3918 1169 3998 β
1190 3924 1322 3974 Merkelt'us

310 4009 344 4058 ad
360 4008 421 4060 Ibim
435 4028 461 4074 p.
479 4010 539 4060 366
556 4017 644 4075 poetas
662 4009 811 4060 BGuarinas

378 4110 538 4163 cxxxxvl
557 4111 569 4159 1
589 4128 622 4159 aa
638 4111 728 4160 mutsis
746 4112 785 4174 (ea
802 4110 877 4161 mutis
895 4108 984 4173 aevu
1001 4110 1031 4171 cf.
1049 4106 1134 4158 LVII
1149 4107 1323 4160 9LX11110

311 4193 375 4245 XII
393 4196 425 4245 14
448 4191 612 4243 XXXXVI
626 4192 645 4243 3
666 4192 766 4243 LXVI
781 4195 817 4245 58
840 4191 964 4242 XV113
987 4190 1050 4257 (ubi,
1078 4191 1104 4240 td
1124 4191 1188 4256 quod
1207 4210 1250 4242 suo
1274 4192 1323 4243 loeo

1061 4289 1121 4344 aa*
