3542 5167
768 681 865 733 nxnn
882 681 1028 735 ara-235
1333 671 1395 737 105

459 865 588 929 reddite
611 867 645 929 in
669 874 817 931 extrema
840 890 945 951 nuper
967 870 1049 933 mihi
1073 872 1138 933 fine
1162 880 1321 947 senectae,

460 985 724 1067 quandoquidem
746 987 878 1051 fortuna
900 1010 973 1052 mea
996 1010 1033 1052 ac
1056 996 1114 1053 tua
1135 989 1263 1053 feruida
1291 992 1396 1054 uirtus

459 1105 556 1186 eripit
578 1104 683 1169 inuito
706 1105 789 1168 mihi
811 1113 853 1181 te,
881 1108 932 1170 cui
956 1106 1115 1188 languida
1138 1108 1284 1172 nondum

374 1224 437 1287 220
461 1224 588 1288 lumina
611 1231 687 1287 sunt
710 1226 812 1307 gnati,
828 1245 904 1287 cara
926 1233 1073 1289 saturata
1095 1228 1210 1308 figura,

460 1364 526 1406 non
549 1363 609 1423 ego
631 1349 664 1405 tc
687 1342 835 1425 gaudens
858 1343 994 1407 lactanti
1016 1356 1146 1425 pectore
1169 1346 1310 1419 mittam,

461 1482 521 1525 nec
543 1470 575 1525 te
597 1463 683 1526 forre
706 1463 811 1525 sinam
837 1457 985 1527 fortunae
1009 1466 1105 1547 signa
1127 1464 1297 1541 secundae,

460 1580 515 1644 sed
538 1581 683 1663 primum
706 1582 829 1645 multas
852 1602 1044 1664 expromam
1068 1591 1178 1646 mente
1202 1584 1350 1664 querelas

459 1700 612 1763 canitiem
635 1710 724 1764 terra
745 1707 842 1781 atquo
865 1700 974 1765 infuso
996 1701 1133 1783 puluere
1156 1703 1302 1777 foedans,

375 1818 438 1882 225
462 1819 538 1881 inde
559 1819 681 1882 infecta
703 1840 787 1902 uago
810 1819 1007 1901 suspendam
1031 1820 1134 1884 lintea
1156 1822 1254 1894 malo,

463 1947 591 2001 nostros
614 1945 651 2001 ut
673 1936 782 2001 luctus
806 1948 999 2019 nostraeque
1022 1938 1173 2002 incendia
1195 1940 1316 2002 mentis

463 2056 618 2121 carbasus
641 2057 814 2121 obscurata
837 2055 926 2120 dccet
949 2059 1117 2139 ferrugine
1140 2057 1261 2120 hibera.

461 2174 547 2255 quod
570 2175 631 2239 tibi
653 2176 682 2239 si
704 2177 810 2239 sancti
833 2177 1031 2239 concesserit
1052 2176 1160 2241 incola
1184 2176 1278 2250 Itoni,

461 2314 543 2375 quae
566 2303 715 2357 nostrum
738 2316 842 2377 genus
866 2318 904 2358 cc
926 2295 1019 2359 sedes
1041 2294 1212 2358 defendere
1227 2296 1394 2358 Erechthei

376 2410 439 2475 230
462 2413 589 2488 annuit,
612 2422 650 2476 ut
672 2415 756 2476 tauri
780 2434 950 2496 respergas
974 2415 1134 2496 sanguine
1158 2413 1316 2490 dextram,

462 2541 532 2593 tum
554 2551 632 2595 uero
654 2532 753 2595 facito
775 2542 812 2594 ut
834 2533 971 2596 memori
995 2532 1058 2595 tibi
1081 2531 1211 2595 condita
1233 2533 1328 2595 corde

419 2732 423 2739 Ι
462 2647 542 2712 haec
564 2649 701 2732 uigeant
722 2650 887 2726 mandata,
911 2672 971 2715 nec
994 2652 1064 2714 ulla
1087 2650 1255 2715 oblitteret
1277 2659 1376 2725 aetas,

462 2778 499 2832 ut
522 2768 623 2832 simul
646 2790 685 2831 oc
708 2777 836 2833 nostros
860 2771 1006 2833 inuiseut
1028 2770 1155 2833 lumina
1178 2769 1281 2845 collis,

463 2888 629 2951 funestam
651 2897 814 2952 antennae
837 2890 1003 2971 deponant
1028 2889 1170 2970 undique
1192 2898 1317 2953 uestem

378 3003 441 3068 235
464 3006 670 3089 candidaque
693 3008 807 3071 intorti
830 3010 1008 3071 sustollant
1031 3009 1107 3072 uela
1128 3006 1291 3083 rudentes,

380 3122 582 3129 -.—-.-——-
588 3121 735 3129 -—..—.-—-

374 3157 425 3207 227
448 3159 514 3207 dicet
544 3158 557 3205 ΙΙ
581 3159 632 3209 228
654 3159 751 3226 ythomi
779 3160 792 3207 11
817 3161 867 3210 229
890 3161 928 3226 ac]
953 3162 998 3211 has
1023 3162 1035 3210 ll
1061 3162 1119 3211 freti
1144 3162 1156 3209 ll
1181 3162 1228 3211 231
1250 3161 1287 3210 'l'u
1312 3162 1323 3207 ll
1347 3160 1398 3209 233

380 3242 453 3291 simul
471 3242 518 3293 hec
541 3242 553 3290 ll
573 3243 623 3294 235
642 3244 783 3295 substolant

378 3330 582 3338 ——u-——n—

374 3361 428 3424 pius
446 3378 550 3413 concors.
573 3360 624 3413 Cat.
642 3379 716 3427 pom.
735 3361 868 3427 Stattyard.
888 3362 961 3412 1862
970 3381 997 3427 p.
1013 3364 1075 3412 134:
1096 3362 1202 3428 longaV
1216 3379 1241 3414 ω
1259 3362 1305 3410 Ian

375 3444 425 3494 217
444 3454 570 3496 extremae
591 3447 712 3497 Auentina
733 3463 758 3500 ω
860 3448 910 3496 223
930 3456 1009 3497 mutas
1028 3445 1160 3511 NHepsc'as
1179 3447 1233 3496 adu.
1253 3446 1307 3495 574

375 3528 425 3578 2:¹7
444 3529 525 3580 ‘decet
542 3532 636 3579 correxi
652 3530 681 3580 dc
698 3531 838 3581 coniectara’
858 3532 1049 3580 Laclrnanaua*.
1080 3530 1138 3579 idem
1156 3529 1228 3579 codex
1245 3548 1304 3581 anua
1324 3529 1400 3580 Statii

371 3615 501 3678 praebuit:
521 3616 590 3666 dicct
607 3615 629 3663 1⁷
642 3618 747 3666 obscura
765 3617 832 3667 dicet
849 3616 890 3667 ael
907 3616 973 3666 dicat
991 3634 1015 3669 ω
1044 3618 1150 3667 obscura
1180 3617 1268 3667 deceat
1304 3615 1398 3667 Statius

476 3700 527 3751 228
550 3709 650 3751 sanctae
668 3732 701 3738 -
719 3701 799 3753 Itonia
823 3701 934 3751 Muretus
961 3700 1104 3752 GCoateraa
1131 3720 1182 3752 non.
1209 3702 1258 3752 lect.
1282 3701 1345 3751 ΙΙΙΙ
1362 3702 1399 3752 22

374 3785 413 3849 (ia
439 3784 539 3835 Crateri
560 3786 632 3850 lamp.
656 3785 703 3835 III
725 3789 738 3836 l
764 3787 833 3850 6¹13)
862 3786 984 3837 Turnebus
1007 3788 1063 3838 adu.
1087 3787 1212 3837 XXIIII
1230 3789 1247 3837 9
1349 3788 1399 3837 229

374 3868 508 3919 Erechthei
531 3868 551 3919 I
553 3868 652 3919 Vossius
680 3873 728 3921 obs,
757 3871 831 3921 220:
858 3872 915 3922 freti
942 3870 965 3921 V
985 3872 1104 3923 Erechthi
1133 3871 1314 3921 FBoeclrelerus
1340 3888 1396 3919 mua.

372 3952 438 4004 rhen.
456 3952 517 4003 XV
530 3955 584 4003 437
603 3964 626 4003 et
642 3971 684 4019 eqo
702 3956 749 4005 ind.
768 3956 841 4007 schol.
860 3957 954 4021 dorpot.
973 3977 996 4008 a,
1011 3958 1082 4009 1865
1097 3976 1123 4021 p.
1137 3958 1169 4005 18
1188 3956 1259 4004 fretis
1277 3971 1302 4005 ω
1327 3963 1398 4003 sueta

373 4052 398 4089 ω
507 4038 558 4088 230
577 4041 679 4088 Annuat
697 4048 724 4090 et
745 4040 887 4091 GCcateraa
909 4042 923 4091 l.
941 4061 960 4092 c.
1076 4042 1125 4090 233
1145 4056 1173 4087 ac
1192 4033 1221 4115 βξ
1241 4034 1396 4087 haecVSil·

374 4122 452 4189 liyioc.
487 4125 517 4187 cs.
540 4125 610 4173 etiam
633 4124 683 4172 eiua
705 4141 767 4172 cens.
790 4124 844 4175 294
864 4126 906 4191 (de
930 4125 1065 4189 corruptela
1083 4124 1264 4185 haum-‘aces
1286 4120 1403 4170 LXIII]

374 4208 438 4259 229.
458 4209 532 4275 366)
664 4207 727 4257 Post
748 4210 797 4259 235
816 4210 867 4259 add
884 4211 992 4260 Faernus
1011 4207 1132 4269 Muretus,
1151 4210 1193 4272 qui
1209 4225 1234 4257 se
1252 4208 1284 4255 ‘ia
1302 4207 1397 4270 pathas-

1161 4311 1193 4364 14
