3542 5167
422 661 552 733 XVIII

430 871 484 933 sai
505 869 537 933 V
559 870 712 932 66666166
733 865 830 929 ruth
847 867 859 949 ΙΙ
874 864 915 928 61
932 867 1048 943 aalma]
1073 865 1201 928 animae
1215 863 1245 926 L
1260 864 1272 947 ΙΙ
1288 862 1328 927 81
1345 863 1450 948 coede]

430 992 500 1053 cede
521 988 585 1052 VL
607 987 646 1052 of.
667 1001 739 1041 nm
760 984 802 1048 47
824 987 948 1061 cedant]
971 986 1105 1047 6661661
1121 982 1151 1046 L
1167 983 1179 1063 ΙΙ
1194 997 1274 1037 Lxssn
1292 980 1333 1044 25
1348 989 1449 1060 66616]

432 1117 542 1172 aanor
563 1106 593 1170 L
617 1106 655 1170 cf.
679 1104 742 1168 165
763 1110 891 1180 666166]
919 1112 1008 1166 aaa
1029 1102 1092 1167 VL
1120 1102 1132 1185 ΙΙ
1157 1116 1239 1157 LX1111
1260 1098 1322 1165 291
1345 1103 1450 1166 Pboo-

431 1228 559 1303 mac]
572 1226 732 1310 platoma
753 1221 783 1286 v
802 1220 1021 1307 promnion
1036 1223 1049 1304 p
1063 1236 1153 1277 nvn
1167 1193 1449 1304 7461661661]

429 1344 654 1429 protltear'laam
669 1342 740 1407 VB.
761 1380 795 1389 —
813 1342 917 1423 Atqui
932 1340 1055 1405 dixerit
1068 1340 1206 1404 fortasse
1221 1338 1384 1420 quispiam
1399 1360 1452 1403 mc

431 1464 551 1529 falsam
563 1464 671 1527 facere
682 1461 935 1526 conclusionem.
958 1480 1000 1524 ex
1011 1460 1175 1542 scriptura
1186 1458 1275 1522 enim
1291 1457 1450 1522 librorum

432 1580 528 1665 GDG
550 1583 692 1647 aliorum
713 1582 748 1644 in
772 1580 833 1645 hac
855 1601 891 1645 re
913 1580 998 1644 nihil
1021 1579 1108 1644 effici
1122 1598 1218 1661 posse
1233 1577 1273 1640 16
1288 1578 1451 1662 scriptura

431 1702 509 1766 libri
535 1701 576 1766 V.
625 1721 705 1764 nam
738 1702 774 1764 in
808 1699 898 1763 hisce
930 1708 964 1763 et
995 1697 1161 1763 similibus
1194 1696 1292 1761 rebus
1327 1695 1451 1760 scribas

431 1821 537 1903 magis
560 1841 602 1884 ex
616 1820 734 1883 aetatis
750 1838 829 1881 suae
843 1816 1080 1881 consuetudine
1095 1836 1196 1897 quam
1211 1815 1253 1880 ab
1269 1815 1451 1898 exemplari

431 1959 491 2003 suo
513 1936 662 2020 pendere.
707 1956 808 2018 quam
829 1937 1030 2001 sententiam
1052 1942 1091 1999 ut
1112 1934 1277 2011 refellam,
1305 1934 1390 1998 nihil
1412 1932 1453 1997 de

432 2057 665 2138 aequabilitate
686 2058 721 2119 in
750 2055 841 2121 hisce
868 2055 968 2120 rebus
995 2056 1155 2131 maxima,
1185 2075 1268 2137 quae
1294 2055 1331 2118 in
1357 2053 1452 2118 libris

434 2176 640 2241 auctoritatis
663 2177 829 2240 maximae
856 2183 919 2251 est,
932 2174 1060 2239 dicam.
1105 2174 1162 2238 661
1184 2174 1226 2237 ad
1248 2174 1453 2257 diligentiam

434 2295 560 2361 scribae
582 2294 659 2358 libri
673 2295 900 2377 germanensis
916 2314 1066 2376 prouoco,
1090 2313 1188 2375 quem
1203 2292 1326 2358 scimus
1341 2312 1452 2357 exem-

434 2417 509 2498 plar
530 2435 710 2479 ueronense
732 2423 808 2479 ante
830 2415 942 2480 oculos
965 2413 1136 2479 habuisse:
1160 2413 1197 2475 in
1212 2432 1276 2495 quo
1290 2412 1320 2476 si
1335 2404 1456 2491 ubique

435 2535 495 2599 1116
519 2558 555 2599 aa
577 2536 736 2619 scriptum
758 2536 949 2612 inuenisset,
972 2555 1049 2599 eum
1072 2534 1133 2598 hoc
1154 2531 1361 2615 paucissimis
1376 2529 1457 2595 locis

436 2676 586 2720 seruasse
609 2663 643 2719 et
665 2655 763 2719 huius
786 2654 856 2718 loco
878 2675 947 2717 non
969 2652 1181 2734 aliquotiens,
1210 2651 1267 2715 661
1289 2651 1420 2714 miliens
1441 2671 1456 2714 6

434 2776 603 2855 scripsisse
624 2773 756 2836 credere
778 2771 911 2835 omnino
933 2791 1000 2834 non
1021 2790 1171 2852 possum:
1194 2790 1343 2854 possum,
1367 2769 1396 2832 si
1424 2776 1459 2832 et

435 2892 634 2969 cateiam
655 2892 691 2953 in
713 2892 888 2955 neronensi
910 2889 1103 2973 saepissime
1128 2889 1230 2953 fuisse
1257 2886 1455 2952 conceditur.

435 3009 554 3074 deinde
575 3011 604 3074 si
626 3010 683 3093 qui
706 3010 782 3074 huic
804 3022 935 3074 nostrae
957 3008 1140 3073 sententiae
1162 3027 1326 3090 opponere
1347 3006 1455 3071 uelint

436 3131 470 3194 id
492 3130 615 3213 quode
636 3150 696 3212 pro
719 3153 755 3195 aa
777 3131 945 3212 aliquanto
971 3136 1048 3212 post
1070 3149 1197 3194 nonum
1224 3127 1359 3192 demum
1386 3147 1456 3191 sae-

436 3251 548 3315 culum
562 3249 662 3315 scribi
676 3259 828 3333 coeptum
843 3251 896 3327 sit,
920 3250 972 3314 his
987 3246 1251 3332 respondendum
1269 3248 1457 3329 opinionem

436 3371 530 3436 illam
553 3371 634 3435 olim
655 3370 829 3454 uulgarem
850 3369 1067 3435 falsissimam
1093 3388 1186 3433 esse:
1220 3366 1341 3445 ueluti,
1370 3364 1456 3447 quod

437 3488 639 3555 FDucbneri
662 3490 852 3555 humanitas
874 3490 981 3555 amica
1002 3510 1056 3554 me
1076 3487 1196 3581 docuit,
1218 3484 1336 3551 iamin
1351 3484 1458 3551 codice

436 3607 638 3672 salmasiano
660 3609 868 3690 anthologiae
890 3608 1013 3673 latinae
1034 3609 1208 3673 notissimo
1223 3606 1291 3684 illo,
1315 3605 1372 3686 qui
1388 3624 1458 3668 666-

436 3726 511 3790 culo
532 3725 671 3806 septimo
693 3725 835 3805 scriptus
857 3734 916 3799 est
939 3733 1058 3805 quarta
1073 3725 1217 3806 amplius
1232 3723 1381 3786 omniurn
1394 3719 1458 3784 ΑΕ
1481 3762 1485 3767 -

436 3866 513 3929 pars
539 3864 598 3927 per
626 3842 657 3907 Ε
686 3850 820 3907 exarata
851 3850 921 3905 est:
954 3843 991 3905 in
1023 3839 1133 3905 codice
1167 3847 1280 3903 autem
1313 3838 1458 3903 thuaneo

437 3987 596 4032 numerus
622 3961 904 4046 diphthongorum
919 3983 1008 4043 pera
1024 3960 1271 4043 designatarum
1285 3960 1392 4026 maior
1407 3967 1456 4026 est

439 4107 537 4166 quam
560 4084 841 4169 diphthongorum
856 4103 893 4144 66
902 4083 950 4164 ⁴³).
978 4079 1147 4146 haedere
1162 4088 1199 4143 ut
1213 4079 1312 4143 finem
1328 4079 1457 4154 faciam,

540 4225 574 4273 43
596 4223 629 4277 cs
651 4223 728 4273 ctiam
750 4221 922 4274 Lachmannm
944 4220 976 4271 ad
998 4219 1072 4271 Lacr.
1094 4236 1120 4286 p.
1142 4218 1160 4269 5
1183 4215 1344 4269 Dctlefaeuur
1370 4214 1457 4282 philol.
