3542 5167
375 705 447 773 1111

373 906 487 972 eodem
509 907 576 971 fere
599 916 745 989 tempore
761 908 958 972 Franciseus
975 909 1129 972 Petrama
1142 915 1173 988 ¹³)
1196 908 1281 973 libro
1296 931 1393 974 nero·

374 1031 469 1095 nensi
499 1031 550 1095 usi
580 1038 666 1093 sunt.
717 1030 774 1093 sed
805 1045 838 1093 nt
870 1029 954 1093 libor
984 1028 1110 1093 Catulli
1139 1030 1252 1093 statim
1282 1038 1395 1111 postea

373 1172 471 1233 qnam
502 1156 653 1232 repertus
681 1157 731 1213 ost
758 1150 853 1213 nouis
893 1149 1135 1230 exemplaribus
1166 1149 1395 1232 diuulgaretur

375 1278 503 1334 tantum
533 1270 617 1333 afuit
646 1277 682 1332 ut
712 1268 772 1332 hoe
796 1290 835 1331 ne
858 1270 1002 1352 amplius
1024 1267 1240 1353 quadraginta
1262 1270 1393 1351 quidem

374 1390 469 1454 annis
506 1397 580 1468 post
616 1388 737 1452 factum
776 1399 869 1452 esset.
938 1410 1014 1453 nam
1051 1409 1137 1453 auno
1173 1392 1272 1454 etiam
1310 1388 1392 1455 1374

375 1508 509 1573 Goluoio
538 1508 728 1584 florentino,
758 1509 831 1571 uiro
858 1510 1004 1593 egregio,
1036 1530 1100 1591 quo
1131 1512 1295 1575 nominem
1324 1511 1393 1575 illis

375 1628 578 1711 temporibus
605 1631 639 1694 in
669 1630 864 1711 scriptorum
895 1639 1043 1693 ueterum
1073 1630 1166 1693 libris
1196 1631 1392 1713 indagandis

375 1749 523 1833 legendis
539 1748 752 1831 diuulgandis
769 1748 1001 1812 studiosiorem
1024 1748 1124 1810 fuisse
1141 1748 1302 1822 nouimus,
1328 1746 1389 1810 Oa-

374 1869 449 1932 tulli
472 1868 555 1931 liber
578 1868 674 1949 plane
696 1867 829 1948 ignotus
853 1866 923 1929 ruit.
961 1885 1027 1946 qua
1047 1874 1180 1947 propter
1204 1886 1223 1929 a
1246 1863 1390 1947 Uespero

373 1986 570 2069 Broaspinio
592 1986 766 2050 nerononsi
781 2006 839 2067 per
859 1985 1019 2068 epistulas
1035 1986 1153 2066 petiuit
1169 1994 1204 2049 ut
1220 1984 1390 2050 Catullum

376 2142 413 2152 «-
438 2106 604 2188 signifieat
626 2115 735 2169 autem
758 2104 880 2167 librum
904 2125 1115 2168 uoronensem
1135 2142 1168 2151 —
1190 2113 1257 2169 ‘aut
1278 2127 1389 2169 exem·

374 2227 500 2309 plutum
536 2236 593 2289 aut
626 2224 894 2306 exemplandum'
930 2226 1062 2289 Verona
1094 2224 1296 2289 Florentiam
1327 2226 1390 2289 sibi

374 2345 615 2426 transmitteret
628 2346 671 2427 ¹4).
695 2344 772 2426 quid
789 2364 900 2426 preces
917 2342 1044 2408 Ooluoii
1059 2344 1145 2427 apud
1159 2343 1391 2427 Broespinium

373 2466 540 2529 effecerint
567 2466 719 2529 neseitur.
764 2474 798 2530 at
825 2485 900 2527 eum
929 2465 995 2528 iam
1026 2486 1111 2529 enno
1135 2466 1284 2547 sequenti
1308 2463 1390 2529 1375

374 2584 564 2667 exemplum
588 2604 769 2647 uoronense
787 2584 935 2647 Veronae
958 2584 992 2646 in
1016 2605 1140 2647 nouum
1162 2582 1283 2647 librum
1301 2591 1390 2647 tran·

374 2703 531 2783 seriptum
555 2703 706 2777 seiamus,
723 2709 880 2785 prompta
902 2691 1016 2782 opinor
1037 2702 1224 2765 coniectura
1240 2712 1289 2765 est
1305 2701 1393 2765 huno

374 2817 500 2883 Ooluoii
523 2830 640 2903 rogatu
662 2830 834 2884 exaratum
858 2840 936 2883 esse.
983 2819 1038 2899 qui
1063 2819 1144 2881 iiber
1167 2821 1233 2902 (est
1254 2840 1387 2902 sanger-

374 2939 548 3013 manensis,
572 2939 678 3020 quode
694 2960 771 3003 mox
787 2939 979 3021 diligentius
994 2936 1126 3021 dicam),
1149 2958 1212 3018 quo
1228 2940 1393 3020 antiquior

373 3058 475 3121 codex
498 3058 695 3121 eatrrllianus
718 3058 815 3122 hodie
838 3079 902 3121 non
927 3064 1070 3137 extare),
1095 3058 1147 3122 uei
1170 3056 1241 3121 ideo
1257 3058 1390 3139 plurimi

373 3184 422 3239 est
445 3176 672 3240 aestimandus
696 3176 781 3258 quod
805 3178 922 3240 uniens
946 3197 1032 3239 nune
1055 3185 1204 3258 superest
1226 3197 1323 3257 quem
1340 3198 1390 3241 ae·

374 3304 484 3359 ourate
513 3294 730 3383 demonstrari
760 3298 863 3378 possit
885 3317 927 3359 ex
949 3296 1021 3378 ipso
1043 3298 1217 3359 uoronensi
1241 3297 1391 3378 exemplo

374 3412 585 3496 desumptum
614 3420 742 3496 essem).
794 3415 899 3480 nihilo
922 3423 1032 3478 tamen
1056 3415 1165 3478 minus
1189 3414 1287 3477 oeteri
1310 3434 1388 3495 quo-

374 3567 460 3618 Maffei
477 3566 494 3618 1.
514 3583 534 3617 e.
553 3567 624 3619 1132
642 3567 745 3632 Hauptii
763 3576 859 3632 quaest.
877 3586 897 3632 p.
917 3568 933 3617 5
952 3577 999 3618 aot.
1018 3568 1104 3634 philol.
1123 3568 1194 3619 misn.
1213 3586 1236 3634 p.
1260 3569 1307 3617 114

377 3653 406 3703 13
424 3652 456 3702 ef.
469 3651 579 3718 Heysius
598 3651 613 3701 1,
633 3668 652 3701 e.
673 3670 696 3716 p.
711 3652 758 3701 281
779 3662 825 3702 aet.
843 3652 928 3717 philol.
946 3652 1018 3704 miso.
1037 3670 1062 3718 p.
1077 3654 1123 3702 115
1196 3653 1226 3701 14
1244 3652 1276 3705 ei.
1295 3652 1391 3717 epistu-

373 3739 410 3789 las
434 3736 529 3789 coludi
551 3745 615 3797 tres,
638 3754 700 3803 quas
722 3737 848 3803 Hauptius
870 3743 939 3786 nunt.
965 3737 1049 3787 societ.
1074 3736 1149 3787 litter.
1172 3754 1254 3787 saxon.
1278 3754 1299 3786 a.
1326 3737 1390 3787 1849

373 3844 398 3892 p.
417 3823 467 3874 258
485 3840 500 3874 e
517 3822 617 3873 schedis
634 3822 823 3874 ThMommseni
842 3822 933 3879 edidit,
957 3829 983 3871 et
1005 3838 1069 3886 quae
1093 3821 1124 3870 de
1142 3823 1179 3871 eis
1197 3821 1391 3888 interpretandis

373 3912 427 3977 ipse
445 3916 492 3961 aot.
511 3907 597 3975 philol.
611 3908 683 3959 nrisn.
696 3927 720 3975 p.
737 3908 870 3959 116--118
882 3907 933 3958 dixi
1006 3907 1036 3955 15
1049 3906 1158 3956 codicem
1172 3905 1264 3957 Catulli
1278 3907 1392 3958 Vioetiae

373 3995 399 4044 in
417 3993 568 4045 bibliotheca
585 3993 684 4060 pietatis
701 4001 833 4044 montanae
851 3994 1018 4051 adseruatum,
1037 4007 1110 4056 quem
1126 3989 1262 4041 FBIumins
1274 3992 1389 4044 biblioth.

374 4077 458 4128 libror.
477 4096 598 4129 manuscr.
617 4077 699 4129 italica
718 4077 872 4144 (Gottingae
894 4077 976 4139 1831)
994 4094 1017 4142 p.
1036 4076 1087 4126 234
1105 4092 1170 4125 anno
1192 4075 1256 4126 1360
1274 4077 1390 4143 seriptum

374 4177 429 4211 esse
449 4178 463 4212 e
480 4151 577 4213 schedis
595 4162 736 4214 GHaenelii
754 4164 926 4222 adnotauerat,
945 4171 1046 4213 centnm
1065 4161 1136 4212 annis
1155 4162 1321 4211 recentiorem
1335 4178 1389 4212 osse

375 4244 483 4316 Heysius
501 4265 525 4318 p.
544 4246 594 4295 282
612 4255 718 4302 testatus
735 4256 774 4299 est
849 4248 879 4304 16
902 4248 932 4300 ef.
957 4255 1005 4300 aot.
1025 4247 1110 4313 philol,
1130 4247 1200 4299 miso.
1220 4266 1243 4323 p.
1266 4247 1322 4297 118.
1344 4246 1391 4299 119
