3542 5167
921 872 982 939 OV

509 999 661 1094 Mentula
683 1035 821 1094 conetur
841 1026 986 1110 pipleum
1009 1023 1166 1090 scandere
1188 1033 1352 1090 montem:

552 1168 665 1213 musae
687 1146 828 1212 furcillis
850 1145 1063 1228 praeeipitem
1085 1144 1230 1210 eiiaiunt.

917 1398 996 1464 (ΠΙ

511 1519 595 1617 Cum
617 1572 718 1635 puero
740 1551 822 1616 bello
843 1571 1038 1635 praeconem
1060 1552 1117 1634 qui
1139 1550 1230 1615 uidet
1252 1571 1331 1626 esse,

553 1669 631 1753 quid
653 1672 772 1745 eredat,
795 1671 862 1735 nisi
883 1690 919 1735 se
941 1668 1082 1737 uendere
1105 1670 1296 1752 disaupere?

907 1904 1004 1969 OVII

512 2024 551 2119 Si
574 2058 652 2139 quoi
674 2055 753 2137 quid
776 2055 893 2137 cupido
917 2054 1107 2138 optantique
1129 2052 1248 2135 obtigit
1269 2074 1414 2136 unquam

553 2177 743 2259 insperanti,
767 2175 827 2239 hoa
850 2183 900 2239 est
922 2183 1054 2258 gratum
1076 2174 1185 2237 animo
1209 2175 1347 2256 proprie.

512 2314 613 2374 quere
635 2293 697 2357 hoa
719 2301 769 2357 est
790 2302 923 2376 gratum
945 2292 1101 2375 nobisque
1123 2301 1169 2356 art
1190 2292 1298 2356 aerius
1321 2311 1400 2355 auro

554 2410 641 2495 quod
663 2420 695 2476 te
717 2413 873 2489 restituis,
897 2411 1027 2489 Lesbia,
1051 2413 1097 2476 mi
1121 2409 1252 2494 cupido:

472 2534 492 2594 5
515 2532 664 2597 restituis
687 2530 804 2615 cupido
826 2540 925 2613 atque
947 2532 1130 2616 irrepere-nti
1154 2530 1226 2612 ipsa
1247 2529 1356 2628 refers
1370 2537 1403 2591 te

518 2737 561 2787 CV
578 2739 589 2787 l
603 2735 721 2803 pipleium
735 2737 849 2788 scindere
860 2735 872 2803 ΙΙ
884 2735 969 2814 ΟῊΙ
983 2735 1064 2799 obolis
1076 2735 1088 2801 ΙΙ
1099 2735 1168 2785 uidet
1186 2691 1265 2801 13:2ss
1281 2732 1354 2784 cvlt
1369 2733 1380 2781 l
1395 2732 1465 2796 quie·

448 2821 508 2886 quid
519 2821 558 2888 113
577 2821 648 2872 nobis
665 2837 764 2887 quoque
782 2822 863 2872 cerins

517 2974 561 3024 CV
582 2976 593 3024 1
613 2973 771 3039 Pimplreum
789 2990 814 3026 ω

517 3075 575 3129 cv}
594 3075 683 3127 Obelio
701 3073 763 3140 (V)
788 3090 840 3123 amu
862 3089 942 3121 noman
960 3072 993 3122 sit
1005 3073 1078 3138 paeri
1095 3071 1189 3124 Statius
1207 3081 1229 3121 at
1246 3070 1370 3136 Meleaoer
1387 3072 1467 3136 spicil.

449 3162 486 3211 34
503 3161 623 3225 ambioant
724 3160 779 3226 ipse
798 3166 897 3221 praeter
920 3172 976 3207 esse
990 3157 1044 3221 fait
1065 3157 1089 3206 ia
1120 3154 1147 3207 V.
1183 3156 1236 3206 tine
1255 3156 1343 3205 cannia
1359 3155 1398 3206 ire
1418 3156 1469 3219 (cs.

450 3247 486 3296 ire
503 3255 526 3294 et
542 3244 703 3310 ipe=ipse]
726 3244 776 3294 isse
799 3240 924 3307 Meleaoer
946 3241 989 3308 qni
1007 3241 1088 3300 uidet,
1106 3242 1160 3307 ipse
1186 3238 1285 3290 Vossius
1302 3238 1408 3306 Heysias
1426 3240 1474 3305 qui‘

450 3331 527 3391 uidet,
545 3331 627 3397 ipsum
651 3328 752 3394 Vulpias
770 3326 935 3377 Froeiticltt'as

517 3432 588 3487 CVII
612 3434 624 3483 l
648 3431 677 3483 si
698 3431 757 3499 quoi
779 3431 839 3498 quid
866 3428 1031 3482 Olttttectias
1054 3449 1111 3485 ann.
1135 3429 1203 3482 laist.
1231 3428 1378 3480 LXXXV
1398 3429 1472 3480 378.-

450 3520 478 3571 Si
495 3519 613 3586 quiequid
629 3518 654 3568 V
666 3517 695 3569 Si
711 3518 840 3584 quiequam
860 3508 903 3595 βω
924 3516 970 3566 Lm
985 3515 1014 3567 Si
1025 3517 1082 3583 quis
1093 3515 1297 3583 quid-obtulit
1312 3506 1359 3593 (β)
1377 3513 1471 3564 Statius

449 3603 485 3664 st,
509 3603 626 3668 quiequid
649 3604 781 3668 quoiquam
802 3602 894 3667 cupide
916 3603 1012 3667 optanti
1036 3601 1199 3653 Froettictias
1327 3599 1468 3666 cupidoque

448 3685 533 3737 aldina
550 3704 574 3736 a.
592 3685 666 3735 1502
761 3702 871 3750 unquam
889 3694 915 3737 et
932 3702 958 3739 ω
974 3685 1104 3737 Marcilium
1161 3684 1313 3751 sslnsperati
1322 3682 1465 3735 NHeiasias

551 3771 568 3821 3
586 3770 653 3821 Vere
671 3768 837 3819 Froehlicltius
946 3770 1069 3836 nobisque
1086 3777 1125 3821 est
1141 3768 1264 3833 Hauptias
1282 3787 1322 3835 qa.
1342 3768 1378 3819 86
1395 3766 1469 3817 Lm*²

449 3856 521 3907 nobis
548 3870 647 3921 quoqne
672 3851 697 3902 V
715 3851 761 3901 Lm
783 3854 903 3919 nobisque
929 3854 976 3904 hoa
1003 3851 1097 3904 Statius
1123 3852 1208 3915 nobis,
1235 3854 1283 3906 hae
1308 3852 1471 3903 Froetltcttaa

450 3938 611 3991 HAKociias
632 3940 705 4005 symb.
724 3936 810 4002 ptitot.
833 3939 942 3987 bannens.
960 3937 1014 3988 319
1034 3937 1120 3999 nobis,
1144 3938 1204 4003 quin
1221 3936 1367 4003 Deeriaoria
1384 3936 1469 3999 Quare

451 4028 499 4079 hoe
516 4035 555 4077 est
572 4025 645 4077 nobis
661 4032 809 4091 gratumque
826 4031 853 4075 et
870 4022 952 4074 carius
966 4040 1027 4075 auro
1040 4022 1215 4075 GHeramaaus
1226 4042 1283 4077 ann.
1296 4022 1367 4076 lata.
1381 4020 1473 4073 XXII

450 4111 505 4162 313
607 4109 767 4162 tiRestituis
783 4109 875 4176 cupido
893 4115 968 4174 atque
986 4108 1141 4175 insperontit
1167 4109 1223 4176 ipsa
1245 4109 1325 4162 refers
1347 4116 1375 4169 ts
1391 4106 1472 4159 Nobis

451 4192 582 4246 Marcilias
605 4194 744 4246 RKlatzias
767 4193 855 4249 attend.
877 4192 964 4246 catatt.
987 4192 1075 4259 (Lips.
1097 4193 1182 4261 1859)
1205 4211 1233 4259 ρ.
1258 4192 1328 4245 VIII
1347 4191 1471 4244 Restituit
