3542 5167
1181 621 1334 695 XXVII'

299 829 425 910 sineqrn
446 825 583 902 uellet,
599 844 632 895 55
654 800 729 891 oeee²
741 848 821 909 qnae
842 829 922 892 nteit
943 830 1046 893 ninere
1062 831 1175 916 eredit]
1198 852 1321 915 seseque

299 947 353 1009 eni
373 947 421 1009 tne'
442 968 474 1009 ee
496 946 596 1010 eredit
620 944 632 1012 ΙΙ
657 944 708 1021 65,
727 964 744 1013 3
766 947 870 1009 drelois
897 948 1087 1032 masarnm]
1116 950 1321 1015 dulcissimas

300 1068 417 1129 tamem
434 1063 514 1139 1168,
536 1080 583 1131 129
605 1072 640 1128 tn
661 1064 791 1148 bonnm]
814 1074 944 1129 tauram
961 1066 972 1133 ΙΙ
989 1065 1040 1144 68,
1062 1085 1110 1136 139
1132 1071 1322 1152 eonqnoqnit

300 1181 412 1267 iram]
435 1184 659 1265 quotidianam
685 1182 697 1250 l
722 1182 773 1260 69,
797 1202 813 1252 3
840 1186 916 1248 Non
942 1186 973 1248 εἰ
994 1186 1087 1250 illam
1108 1187 1226 1272 rarae]
1250 1191 1320 1254 Noe

298 1302 358 1365 illa
379 1324 468 1365 mare
480 1301 492 1369 l
508 1296 559 1379 72,
578 1318 595 1370 6
617 1301 719 1365 Mauo
742 1304 789 1365 mi
811 1312 916 1367 tamen
937 1303 982 1389 eo]
1005 1305 1106 1371 Malta
1129 1307 1177 1369 ita
1199 1329 1247 1371 me
1268 1330 1321 1373 nee

313 1420 392 1504 1193,
411 1438 428 1488 2
449 1422 496 1484 eis
518 1421 627 1505 albns]
655 1423 685 1485 ei
706 1420 820 1486 solnm
845 1421 857 1490 ΙΙ
884 1421 995 1500 108‚1
1025 1425 1062 1489 so·
1093 1424 1237 1511 Gemini]
1267 1428 1321 1493 sn

299 1542 422 1605 bomini
434 1541 446 1608 ΙΙ
459 1540 529 1617 116,
548 1560 565 1609 4
586 1543 707 1605 mittere
729 1543 765 1605 in
785 1542 897 1627 nequo]
923 1544 1182 1627 mitteremneqne.
1225 1566 1319 1627 pree·

299 1666 390 1724 terea
417 1660 452 1722 in
482 1659 543 1723 huo
574 1660 764 1741 quaestione
797 1660 963 1725 thuaneus
996 1660 1080 1725 liber
1112 1661 1271 1727 oriundus
1301 1684 1321 1727 a

299 1778 419 1862 gallico
447 1779 644 1861 exemplari,
674 1777 761 1861 quod
789 1799 863 1843 eum
891 1781 1064 1845 Ueronensi
1092 1780 1239 1846 fraterna
1260 1802 1317 1847 ne·

299 1897 497 1963 oessitudine
519 1898 729 1963 ooniunetum
753 1906 831 1975 erat,
854 1920 920 1963 non
943 1906 992 1963 ost
1006 1899 1244 1983 neglegendus:
1267 1899 1319 1978 62,

299 2034 315 2087 7
341 2017 487 2102 Oetaeae]
517 2027 585 2082 oeta
605 2040 656 2083 eos
681 2017 693 2085 l
719 2036 750 2086 21
779 2018 935 2102 conpone
962 2019 1114 2103 auellere]
1143 2019 1320 2103 oonplenna

298 2137 408 2201 aiore
419 2137 431 2205 ΙΙ
442 2155 473 2205 31
498 2140 627 2220 Hymen
649 2159 666 2201 o
688 2140 863 2220 hymenaee,
886 2141 999 2221 aynan
1016 2140 1091 2202 adeo
1106 2160 1123 2204 o
1139 2139 1319 2223 hymenaee]

298 2257 443 2341 Kymeno
466 2260 633 2341 bynnnaee
654 2260 845 2341 leymenadee
867 2279 884 2321 o
907 2260 1118 2340 lrynoeneae⁴⁸l
1136 2258 1147 2326 ΙΙ
1165 2276 1194 2325 41
1221 2261 1320 2339 Quem

301 2378 433 2441 muloent
455 2398 558 2440 anrae
571 2376 701 2460 firmat]
725 2376 953 2456 Quaemnloene
975 2378 1209 2459 anrefirmaffl).

404 2493 580 2579 Soriptura
601 2494 680 2560 libri
703 2495 875 2578 archetypi
896 2516 962 2559 non
978 2516 1080 2578 aeque
1102 2496 1199 2560 faeilo
1221 2502 1321 2578 atque

302 2615 379 2680 libri
415 2615 606 2680 uoronensis
643 2611 825 2698 seriptum,
870 2613 927 2679 sed
975 2615 1085 2698 potius
1123 2614 1320 2679 diffieillime

303 2735 367 2817 legi
389 2735 512 2816 potnit,
541 2735 588 2799 ita
615 2744 653 2799 ut
680 2735 708 2798 ei
738 2734 793 2817 qui
816 2734 970 2816 exemplu
992 2734 1149 2817 gallicum
1171 2742 1205 2797 et
1226 2755 1319 2799 uero·

301 2874 402 2918 nense
424 2854 518 2918 illine
545 2856 838 2938 transcripserunt,
867 2854 929 2919 etsi
957 2853 1106 2919 homines
1136 2855 1217 2919 satis
1244 2852 1319 2919 dili·

299 2982 414 3056 gentes
448 2984 562 3052 erant,
600 2982 634 3038 et
667 2975 800 3057 quidem
831 2973 940 3039 scriba
973 2974 1171 3057 exemplaris
1208 2973 1319 3057 gallici
1399 2979 1407 3006 ³

299 3094 412 3175 paullo
435 3092 626 3177 diligentior
647 3115 746 3176 quam
769 3094 847 3158 libri
876 3094 1082 3171 ueronensis,
1113 3103 1222 3157 temon
1244 3092 1318 3176 plu-

300 3213 400 3276 rimos
422 3233 524 3294 prauo
545 3212 683 3297 legendo
705 3234 831 3277 errores
860 3213 1109 3277 committerent.
1154 3210 1231 3275 inde
1252 3211 1318 3275 fao-

300 3340 372 3396 tum
401 3340 453 3396 est
479 3341 517 3398 ut
545 3333 584 3398 de
613 3333 723 3397 oodiee
746 3333 920 3397 ueronensi
944 3330 1191 3413 corruptissimo
1213 3328 1320 3391 soribu

302 3449 379 3514 libri
407 3452 694 3535 sangermanensis
722 3450 977 3533 querereturw).
1021 3447 1077 3512 sed
1106 3445 1251 3511 diffieilis
1278 3445 1319 3511 ad

301 3569 479 3653 legendum
507 3571 571 3635 fuit
597 3571 684 3635 liber
716 3569 914 3654 archetypus
949 3588 1014 3631 non
1047 3567 1154 3631 solum
1187 3573 1322 3650 propter

368 3830 402 3882 48
419 3830 452 3880 de
469 3830 494 3880 K
511 3846 558 3897 pro
575 3827 600 3879 H
618 3829 699 3895 posito
716 3828 746 3879 ei.
764 3826 920 3879 Niebuhrlus
938 3826 970 3877 sd
989 3826 1040 3877 cio.
1059 3833 1121 3876 oret.
1140 3824 1231 3889 fragm.
1249 3840 1273 3887 p.
1290 3823 1320 3871 19

300 3922 328 3965 et
345 3914 478 3965 Ritsehelii
495 3914 593 3981 proleg.
613 3913 646 3964 ad
663 3913 745 3963 Plaut.
764 3912 832 3963 'l'rin
852 3929 877 3977 p.
890 3910 928 3962 XI
1001 3910 1035 3960 49
1047 3908 1121 3958 otiam
1133 3904 1320 3955 iniectionibus

300 3999 471 4049 sennaserinni
495 4008 522 4051 et
543 3999 657 4060 thuanei,
682 4015 745 4065 ques
768 3998 793 4047 in
816 3997 926 4047 editione
949 4013 995 4046 sua
1017 3992 1168 4043 halieuticon
1191 3988 1277 4041 Ouidii
1294 3998 1321 4040 ot

300 4083 383 4135 Grotii
400 4085 565 4152 eynegetieou
583 4083 707 4149 Hauptius
725 4082 818 4142 attulit,
836 4081 961 4147 permulta
978 4077 1141 4129 inueniuntur
1152 4073 1243 4141 quibus
1254 4091 1319 4141 quse
1404 4091 1407 4098 ·

299 4169 496 4237 suprs'exposui
514 4170 606 4235 optime
624 4168 789 4219 inlustrantur
892 4166 926 4215 50
943 4163 975 4217 ef.
993 4160 1201 4226 subscriptionem
1218 4159 1276 4211 libri
1295 4160 1319 4210 G

1079 4259 1115 4314 d*
