3542 5167
830 684 1035 738 mni-21

871 936 995 1003 XXIII

489 1064 600 1171 Furci,
623 1094 678 1160 cui
700 1112 806 1175 neque
827 1111 940 1158 ceruos
963 1097 1012 1155 eet
1034 1110 1138 1173 neque
1167 1112 1241 1157 arco

489 1234 549 1278 neo
571 1214 678 1278 cimex
700 1232 805 1293 neque
834 1231 974 1274 araneus
996 1230 1102 1291 neque
1124 1212 1219 1294 ignis,

490 1352 607 1397 uerum
629 1338 679 1396 est
700 1339 733 1395 ct
754 1339 847 1413 poter
869 1337 903 1395 ei
924 1350 1073 1408 nouerca,
1097 1351 1238 1411 quorum

491 1450 607 1515 dentes
629 1450 684 1515 uel
706 1450 832 1515 silicem
854 1468 999 1513 comesse
1024 1455 1171 1529 possunt,

448 1570 468 1633 5
491 1576 541 1632 oct
562 1568 675 1650 pulcre
698 1567 759 1631 ubi
782 1588 858 1631 oum
881 1573 939 1630 tuo
965 1574 1100 1649 parente

492 1694 525 1752 et
546 1706 621 1751 cum
644 1687 782 1769 coniuge
803 1686 915 1769 ligneo
936 1686 1090 1767 parentis,

492 1824 552 1868 nec
573 1805 709 1868 mirum:
733 1803 816 1868 bene
845 1824 924 1868 nam
946 1803 1064 1867 uoletis
1087 1823 1209 1880 omnm,

492 1923 605 2006 pulcre
627 1923 838 2005 concoquitis‚
867 1923 951 1985 nihil
974 1922 1108 1999 timetis,

494 2063 560 2106 non
582 2040 741 2119 incendia,
770 2062 835 2105 non
857 2062 975 2125 graues
997 2042 1120 2118 ruinae,

431 2162 471 2226 10
493 2181 560 2224 non
582 2159 671 2224 furta
692 2159 804 2242 impia,
827 2180 893 2224 non
916 2160 1008 2225 dolos
1030 2160 1158 2236 ueneni,

494 2298 559 2342 non
582 2298 677 2342 cacus
700 2278 781 2342 alios
802 2279 1034 2361 periculorum.

496 2397 590 2478 coqui
612 2417 747 2480 corpora
768 2397 902 2462 sicciora
929 2419 1031 2462 cornu

495 2522 553 2579 cut
574 2513 684 2596 siquid
705 2516 809 2598 magis
836 2514 965 2580 aridum
988 2522 1039 2579 ost
1060 2515 1191 2582 habetis

496 2633 565 2697 eolo
587 2640 621 2696 et
641 2633 763 2715 frigore
785 2642 819 2697 et
841 2635 1043 2698 eccuritione.

432 2752 472 2814 15
494 2770 593 2832 quare
615 2770 682 2813 non
703 2748 766 2812 tibi
793 2750 835 2813 eit
856 2748 939 2813 bene
962 2770 999 2815 ec
1020 2749 1136 2814 beate?

495 2888 515 2929 a
535 2873 567 2930 tc
589 2865 689 2930 sudor
711 2866 813 2942 abest,
840 2866 933 2930 abest
955 2868 1062 2932 saliua

404 2972 407 2980 ¹
497 3004 672 3066 mucusque
694 2994 727 3048 et
749 2985 838 3048 mala
857 2985 980 3067 pituita
1001 2986 1082 3049 nasi.

494 3102 580 3166 hanc
601 3101 643 3166 ad
665 3102 862 3167 munditiem
888 3101 971 3167 adde
992 3101 1208 3179 mundiorem,

495 3220 582 3302 quod
605 3221 700 3287 culus
721 3221 781 3285 tibi
803 3223 916 3303 purior
943 3219 1053 3286 salillo
1075 3229 1133 3297 eet,

430 3340 473 3404 20
495 3360 555 3405 nee
577 3350 645 3405 toto
667 3339 772 3406 decies
799 3360 892 3406 cocae
914 3340 949 3404 in
976 3361 1071 3417 anno,

497 3468 595 3542 atque
617 3457 650 3523 id
673 3458 787 3523 durius
809 3467 859 3525 eet
886 3458 962 3523 fabe
984 3465 1018 3523 et
1044 3456 1182 3541 lapillis:

500 3662 589 3715 XXIII
598 3662 639 3712 Ad
649 3661 750 3710 Furium
769 3670 780 3717 11
802 3662 900 3713 loeruo
923 3673 935 3720 ΙΙ
955 3661 1208 3714 'INecctNiuelNe
1227 3671 1239 3719 ΙΙ
1261 3661 1367 3710 lufacca
1385 3669 1397 3715 ΙΙ
1420 3660 1450 3708 12

434 3748 487 3798 Aut
498 3747 542 3813 qui
560 3756 572 3803 11
596 3746 626 3795 13
638 3744 735 3794 aridum
746 3746 826 3811 magio
838 3755 877 3798 est
895 3755 907 3803 ΙΙ
929 3749 961 3797 14
970 3747 1108 3798 exuritione
1126 3756 1138 3803 Η
1163 3746 1194 3796 15
1204 3746 1225 3795 si
1243 3754 1256 3802 ΙΙ
1279 3743 1454 3796 17Muccueuo

433 3834 637 3845 ...-.----

459 3927 461 3931 Ι
501 3864 619 3916 XXIIIl
643 3862 705 3913 Furi
728 3854 770 3937 βω
890 3882 977 3917 ceruos
995 3863 1102 3915 Statius:
1120 3880 1207 3914 coruus
1226 3858 1269 3942 βω
1287 3862 1334 3913 Lm

434 3951 450 4003 7
468 3952 511 4003 Nil
529 3951 618 4001 mirum
636 3945 776 3998 NHcincics
794 3946 858 3996 Lm*
963 3949 995 3999 10
1012 3948 1080 3999 furta
1096 3945 1219 4012 Hauptius
1237 3969 1276 4015 qu.
1294 3959 1340 3999 cot.
1364 3948 1382 3999 9
1405 3950 1452 4013 (cf.

440 4036 615 4087 GHermcnuus
641 4050 696 4083 cun.
718 4031 789 4083 Iolen.
814 4031 907 4083 XXII
928 4033 1011 4098 304):
1038 4032 1105 4083 fecto
1134 4030 1197 4088 Vc)
1214 4035 1285 4087 facte
1308 4064 1339 4072 -
1367 4033 1452 4085 doloso

439 4122 507 4171 cerui
528 4120 584 4185 (uel
604 4117 710 4184 uernae)
734 4116 896 4169 Froeilicdiue
1041 4117 1072 4168 12
1103 4117 1139 4168 Vt
1165 4118 1232 4186 (Aut
1261 4120 1296 4186 V)
1328 4120 1370 4185 qui
1392 4116 1450 4169 Sto·

439 4204 484 4253 cuo
502 4206 553 4255 Vos
575 4204 618 4271 qui
635 4203 781 4269 Doerinyiuo
885 4204 917 4254 14
939 4203 1089 4257 mauritione
1110 4202 1246 4271 Berykiuo:
1269 4204 1406 4258 exuritiouo
1430 4199 1454 4249 V
