3542 5167
835 690 1051 763 salamana

917 895 970 961 111

540 1055 597 1131 {At
618 1072 685 1116 non
708 1051 845 1133 effugies
867 1070 956 1115 meos
978 1048 1117 1127 iambos]

909 1344 980 1408 IIII

541 1499 714 1578 [Animula
735 1497 894 1562 miserula
915 1499 1095 1579 properiter
1117 1499 1196 1575 abit]

933 1796 961 1857 V

544 1948 684 2024 [Lueida
705 1967 770 2027 qua
791 1947 944 2027 splendet
966 1948 1132 2011 earoheeia
1156 1949 1245 2026 mali!

923 2235 972 2298 VI

540 2388 699 2472 [Falleret
721 2388 940 2473 indeprensus
962 2397 995 2453 et
1015 2389 1239 2455 inremeabilis
1262 2390 1366 2475 error]

441 2561 586 2572 ...qu—-

506 2662 543 2713 111
567 2662 701 2728 Porphyrio
724 2662 759 2710 ad
779 2661 880 2711 Horatii
901 2661 1060 2714 corm.116'
1078 2662 1115 2713 23
1133 2664 1183 2728 (es.
1207 2664 1276 2713 enain
1294 2673 1458 2733 commentator

438 2746 538 2796 Hor-otii
558 2748 701 2810 cruqro'srnus
723 2746 758 2796 od
779 2748 852 2796 locum
873 2747 969 2797 eundem
988 2765 1014 2812 p.
1033 2748 1096 2815 44⁶)
1115 2786 1142 2801 ..
1162 2749 1237 2799 iambi
1259 2755 1342 2800 autern
1365 2767 1457 2801 uersus

439 2832 560 2896 aptissimi
577 2832 701 2881 habentur
719 2833 751 2881 ad
769 2832 975 2885 maledicendum.
1012 2834 1121 2899 deniqne
1139 2842 1165 2884 et
1183 2833 1308 2895 Catullus,
1327 2852 1381 2885 oum
1400 2853 1456 2887 rna·

438 2916 530 2966 lediota
541 2916 685 2975 minaretur,
699 2918 735 2967 sio
747 2918 783 2967 ait
795 2923 830 2968 ‘at
840 2935 891 2968 non
903 2918 1010 2982 effugies
1023 2935 1091 2969 meos
1101 2918 1212 2969 iambos'.
1230 2920 1261 2983 cf.
1270 2918 1306 2969 od
1313 2917 1437 2969 XXXX
1439 2920 1459 2969 2

506 3036 556 3085 llll
574 3033 668 3083 Nonius
686 3035 738 3085 517
757 3033 794 3084 lt.
814 3034 871 3085 353
891 3034 913 3083 G
931 3035 1101 3101 ‘Properiter’.
1136 3036 1261 3088 Catullus:
1280 3036 1411 3088 ‘Animula
1423 3066 1457 3075 -

438 3117 506 3168 abit'.
542 3117 586 3166 sed
601 3134 684 3167 uersus
702 3127 739 3167 est
756 3116 848 3178 Sereni,
866 3120 905 3167 cui
921 3118 1065 3169 adscribitur
1082 3138 1100 3169 a
1116 3120 1231 3170 Diomede
1249 3120 1341 3173 51312
1356 3120 1412 3171 496
1425 3120 1457 3172 G.

438 3202 506 3265 opod
521 3219 587 3265 quem
604 3212 639 3251 est
656 3201 725 3253 obiit
744 3201 808 3252 abiit
824 3219 849 3255 ω
873 3202 926 3255 Lm.
963 3202 1151 3270 cfiRVnyerus
1169 3205 1197 3256 do
1222 3205 1307 3272 Valpio
1325 3206 1379 3257 289

507 3324 529 3373 V
554 3320 648 3373 Nonius
671 3323 728 3374 546
746 3321 784 3373 Μ.
807 3322 862 3374 374
883 3321 907 3374 G
929 3323 1090 3375 ‘Carobesia'
1109 3359 1115 3375 .
1133 3360 1164 3377 ..
1188 3326 1259 3378 Alias
1280 3344 1376 3378 summa
1398 3344 1459 3393 pars

438 3409 504 3472 mali,
523 3409 547 3458 id
567 3418 605 3460 est
623 3409 751 3470 foramina,
772 3426 836 3476 qnae
854 3428 949 3461 summo
967 3410 1027 3461 mali
1044 3410 1117 3462 filnes
1136 3412 1259 3478 recipiunt
1277 3447 1303 3463 ..
1343 3412 1458 3464 Catullus

438 3495 583 3544 iroronensis
602 3495 709 3545 ‘Lucida
728 3524 758 3531 —
776 3495 857 3545 mali’.
880 3495 975 3546 Lucida
998 3514 1047 3561 qua
1069 3495 1203 3561 splendent
1221 3497 1311 3547 summi
1327 3495 1459 3547 oarehesia

438 3578 497 3628 mali
514 3577 565 3627 edd.
584 3576 666 3627 Nonii.
692 3578 736 3627 sed
751 3579 789 3627 lic
806 3597 889 3629 uersos
907 3589 942 3629 est
963 3578 1059 3629 Cinnae.
1089 3579 1223 3644 cſslsidor.
1242 3581 1326 3647 eripis.
1339 3578 1462 3631 XVIIII

437 3662 509 3711 210
522 3680 549 3725 p.
568 3663 622 3711 386
646 3660 706 3711 Otto.
751 3663 846 3713 Cinna:
871 3665 982 3716 ‘Lucida
1005 3663 1150 3731 confulgent
1172 3665 1216 3715 alti
1239 3666 1366 3717 carehesia
1388 3665 1457 3716 mali’

437 3757 460 3795 rt
481 3746 553 3795 solsol.
574 3743 670 3794 Lucani
693 3745 719 3794 V
736 3747 787 3797 418
805 3765 832 3810 ρ.
855 3749 910 3799 377
935 3749 1001 3800 Web.
1029 3749 1125 3799 Cinna:
1153 3750 1260 3802 ‘Lucida
1281 3768 1337 3801 oum
1358 3750 1458 3817 fulgent

436 3831 525 3883 summi
542 3830 670 3881 carehesia
687 3830 762 3881 mali'.
796 3831 832 3894 Cf.
851 3833 922 3883 etiam
937 3833 1052 3883 LCorrio
1069 3833 1145 3897 antiq.
1166 3833 1216 3885 lect.
1235 3834 1269 3884 II
1281 3836 1320 3887 20
1336 3836 1373 3899 (in
1386 3832 1457 3887 Grot.

438 3917 510 3982 lump.
528 3913 577 3965 III
594 3916 612 3965 2
630 3915 686 3983 56).
721 3934 744 3966 u.
762 3914 880 3965 LXIIII
895 3917 950 3967 235

505 4034 542 4087 VI
561 4035 604 4085 At
627 4035 728 4102 Veryilii
744 4034 835 4086 oerzad.
861 4035 952 4086 77391
973 4036 1085 4088 It'alleret
1107 4038 1270 4105 indeprensus
1287 4048 1314 4091 et
1330 4041 1455 4092 inremea-

409 4151 411 4153 ψ
438 4120 494 4170 bilis
512 4138 582 4171 error
601 4119 702 4172 Seruios
721 4120 845 4172 adnotavit
862 4121 908 4170 Est
925 4128 1010 4172 autem
1028 4139 1115 4174 nemus
1132 4123 1234 4176 Catulli.
1264 4123 1458 4189 sedt'srespesit

438 4201 555 4254 LXIII]
570 4206 619 4254 113
