3542 5167
762 681 888 735 XXXVII
905 683 962 733 e*
976 683 1007 734 16

445 884 496 939 un,
520 864 725 930 continenter
747 866 833 949 quod
856 868 976 933 sedetis
998 869 1117 935 insulsi

444 988 578 1046 centum
601 1005 643 1047 an
666 984 807 1062 ducenti,
830 1008 896 1050 non
919 988 1043 1070 putatis
1064 1009 1224 1054 ausurum

443 1124 496 1165 me
519 1124 586 1166 nna
608 1102 764 1169 ducentos
786 1106 948 1170 irrumare
970 1108 1132 1171 sessores?

444 1224 535 1305 atqui
557 1231 684 1305 putate:
708 1245 849 1306 namque
871 1226 974 1289 totius
996 1225 1091 1290 uobis

379 1340 422 1404 10
443 1341 588 1406 frontem
611 1341 767 1406 tabernae
789 1343 989 1425 scipionibus
1013 1342 1164 1408 scribam.

442 1457 553 1538 puella
575 1479 653 1522 narn
675 1462 750 1535 mei,
774 1480 857 1541 quae
880 1481 952 1524 meo
975 1462 1051 1525 sinu
1073 1461 1167 1544 fugit,

442 1585 551 1638 amata
572 1583 700 1640 tantum
725 1586 886 1658 quantum
909 1578 1074 1643 amabitur
1095 1578 1198 1654 nulla,

442 1713 501 1774 pro
523 1715 588 1774 qua
609 1695 692 1757 mihi
714 1702 793 1759 sunt
815 1717 936 1779 magna
957 1696 1046 1760 bella
1066 1704 1221 1780 pugnata,

442 1810 587 1874 consedit
609 1812 691 1876 istic.
713 1812 798 1876 banc
819 1813 896 1877 boni
919 1813 1070 1896 beatique

379 1929 419 1991 15
442 1950 555 1992 omnes
579 1930 706 2005 amatis,
729 1932 927 2013 etquidem,
950 1932 1037 2013 quod
1059 1932 1232 2016 indignum
1256 1940 1315 2009 est,

441 2068 553 2110 omnes
574 2048 690 2129 pusilli
712 2056 746 2113 et
768 2050 927 2113 semitarii
949 2049 1089 2115 moechi:

379 2283 411 2334 10
440 2282 585 2347 sopionibus
621 2295 633 2342 tt
673 2286 700 2335 ll
734 2302 791 2336 nem
818 2304 857 2337 ms
896 2295 909 2343 11
942 2296 999 2351 post
1027 2286 1057 2337 16
1089 2286 1211 2350 inscriptas
1242 2286 1282 2336 ad
1311 2285 1391 2353 ligna·

378 2370 437 2420 tium
461 2378 473 2425 ΙΙ

378 2532 430 2573 tere
452 2521 562 2586 Ciumpcr
580 2523 603 2571 in
621 2524 718 2573 ismaeli
733 2523 819 2588 philol.
838 2534 859 2572 et
875 2523 945 2587 paed.
965 2526 989 2573 II
1004 2524 1054 2573 148
1168 2522 1184 2571 9
1206 2522 1306 2586 iamque
1323 2519 1393 2569 Han·

376 2606 428 2656 dius
447 2610 495 2656 obs.
516 2610 549 2657 88
654 2608 686 2658 10
702 2608 852 2674 scipionibus
871 2603 925 2685 βωε
948 2607 1090 2673 sopionibus
1109 2604 1243 2655 VVossius
1255 2603 1392 2670 scorpioni·

376 2694 422 2742 bus
442 2684 458 2768 β
473 2692 519 2741 Lm
537 2693 711 2759 scriptionibus
730 2692 860 2743 Marcilius
877 2693 1037 2743 HAKocItius
1058 2690 1262 2757 inscriptionibus
1279 2687 1393 2739 Handius

381 2780 429 2829 obs.
458 2777 495 2826 90
524 2778 652 2828 titionibus
684 2776 831 2842 t'Scioppias
858 2780 960 2829 uerisim.
988 2780 1010 2827 II
1036 2777 1068 2826 14
1095 2793 1122 2840 p.
1140 2775 1189 2825 118
1220 2772 1393 2838 sponsionibus

376 2861 414 2927 (z
434 2863 475 2911 mit
491 2861 684 2925 cantaturam)
707 2862 812 2928 Heysius
835 2863 993 2929 scopionibus
1015 2861 1114 2928 pingam
1132 2858 1247 2910 Heinsius
1271 2857 1306 2908 ad
1328 2856 1393 2907 Bur-

376 2948 456 2996 manni
472 2945 567 2996 Petrca.
587 2946 624 2995 22
637 2964 664 3011 p.
678 2948 729 2997 101
746 2949 915 3014 scorpionibus
934 2948 1010 3015 figam
1031 2946 1200 2996 Froebiicbins.
1224 2943 1291 3008 apud
1308 2942 1391 2993 Petro·

376 3031 437 3079 nium
455 3030 493 3079 22
512 3048 537 3094 p.
552 3030 587 3079 24
609 3030 700 3081 Buccis.
724 3049 778 3082 cum
798 3033 914 3098 Ascyltos
936 3045 1054 3099 grauatus
1077 3038 1114 3082 tot
1138 3030 1209 3081 malis
1231 3030 1257 3079 in
1281 3045 1393 3079 somnum

376 3115 517 3172 laboretur,
542 3114 584 3164 iIla
607 3133 670 3180 quae
690 3115 779 3165 iniuria
797 3117 900 3181 depulsa
923 3118 1005 3168 fuerat
1028 3116 1119 3167 ancilis
1137 3123 1214 3165 totam
1233 3113 1321 3164 faciem
1339 3112 1392 3162 cius

375 3199 479 3265 fuligine
498 3199 573 3265 ionga
590 3199 720 3264 perfricuit
742 3210 768 3249 st
790 3218 838 3252 non
862 3203 992 3253 sentientis
1013 3204 1086 3253 labra
1103 3202 1268 3265 humerosque
1287 3198 1392 3264 sopitio-

376 3285 447 3335 nibus
470 3284 550 3350 pinxit
572 3284 596 3332 in
620 3284 730 3333 librorum
750 3287 941 3350 petronianorum
965 3288 1128 3353 sopitionibus
1156 3284 1201 3334 dcco
1228 3284 1344 3333 uocabula
1367 3284 1391 3331 in

373 3386 441 3417 unum
453 3367 526 3431 falso
545 3367 661 3417 coaluisse
679 3370 822 3419 uerisimile
839 3381 886 3419 cst:
910 3372 940 3433 cf.
959 3389 1020 3433 qnae
1037 3369 1197 3419 Buechelcrus
1220 3366 1254 3415 aci
1276 3366 1290 3416 1.
1309 3382 1329 3414 c.
1347 3365 1391 3414 acl·

374 3454 464 3503 notauit
568 3455 595 3501 lI
616 3471 672 3502 nam
693 3454 741 3504 mei
759 3456 848 3518 scripsi
863 3472 893 3503 ec
911 3454 1008 3503 Heinsii
1025 3464 1047 3503 et
1064 3452 1160 3517 Siliipii
1176 3452 1309 3500 coniectura
1333 3467 1390 3500 nem

373 3538 407 3587 mi
424 3540 470 3601 (cs
491 3536 609 3587 XX111
631 3536 778 3589 LXXVII
787 3539 831 3605 3):
859 3556 916 3589 nam
939 3556 978 3589 mc
1005 3538 1027 3587 V
1047 3537 1151 3604 (Puella
1173 3553 1229 3585 nam
1252 3551 1303 3594 me,
1326 3551 1391 3599 quse

373 3622 418 3671 Lm
441 3623 529 3672 Puella
550 3640 619 3681 urim,
651 3642 690 3673 me
718 3641 781 3689 quae
806 3622 948 3689 Spenpeiias
977 3624 1028 3677 Iect.
1048 3622 1114 3691 120)
1145 3638 1249 3687 namque
1273 3620 1392 3671 Auantius

372 3725 428 3757 nam
446 3725 502 3757 ntes
521 3700 569 3784 (β)
590 3707 684 3758 Statius
702 3719 784 3759 aurata
801 3708 915 3759 Handins
933 3710 981 3760 obs.
1002 3709 1037 3759 92
1140 3727 1204 3776 quae
1227 3727 1241 3760 c
1265 3698 1307 3783 βω

375 3790 483 3841 17-20
500 3811 516 3842 a
543 3794 649 3842 uersibus
672 3794 866 3858 praecedentibus
892 3795 1003 3857 separati
1033 3796 1056 3844 in
1091 3793 1115 3843 V
1140 3812 1189 3845 cum
1221 3795 1324 3845 carmine
1355 3810 1392 3841 sc-

372 3876 452 3939 puenti
484 3878 614 3927 cobserent.
645 3896 683 3927 cos
711 3877 865 3929 BGuarinns
897 3889 920 3928 et
950 3881 1070 3930 Auantias
1097 3890 1156 3945 post
1185 3878 1347 3930 XXXVIIII
1376 3877 1393 3925 9

372 3960 559 4011 conlocauerunt.
582 3961 671 4011 cosdem
697 3981 726 4012 cr
749 3964 798 4013 alio
821 3963 922 4027 quodam
944 3962 1036 4014 Catulli
1057 3966 1160 4014 carmine
1182 3964 1312 4027 desumptas
1335 3972 1357 4011 et
1380 3978 1392 4011 e

377 4044 452 4109 Capri
471 4047 622 4111 pramnmtici
646 4047 725 4108 tibris,
753 4066 811 4111 qnos
830 4048 974 4099 Priscianus
998 4058 1052 4098 ante
1074 4048 1152 4097 oculos
1175 4048 1297 4096 inbuisset
1323 4044 1391 4112 (uide

372 4148 433 4194 puae
450 4131 485 4179 ad
501 4149 521 4180 n.
541 4132 575 4181 17
593 4142 615 4182 et
632 4134 665 4182 18
682 4132 829 4199 attulimus),
851 4134 875 4183 in
898 4133 988 4183 codices
1010 4130 1101 4181 Catulli
1120 4139 1224 4195 'receptos
1252 4131 1319 4181 iuxta
1337 4148 1391 4181 car·

373 4232 422 4266 men
438 4216 524 4266 similis
543 4218 675 4282 arpumcnti
692 4215 853 4269 XXXVIIII
871 4220 964 4283 positos
982 4234 1033 4267 esse
1050 4215 1163 4266 Handius
1182 4219 1230 4268 obs.
1249 4217 1286 4267 93
1310 4218 1390 4269 existi

1119 4318 1160 4369 6}
