3542 5167
371 655 414 722 12
767 675 805 728 vs
823 675 958 730 13-vu
975 676 993 729 e

436 862 516 925 eur?
536 883 602 926 non
625 867 695 927 tam
718 862 821 926 latera
843 863 985 928 ecfututa
1006 861 1139 945 pandas,

437 983 493 1044 nei
515 990 552 1045 tu
575 980 655 1062 quid
677 982 777 1046 facias
799 982 1008 1064 ineptiarum.

373 1101 414 1165 15
437 1122 536 1183 quare
559 1101 714 1183 quicquid
736 1101 838 1166 habes
860 1101 938 1166 boni
959 1101 1105 1184 malique

436 1221 489 1285 dic
510 1220 614 1285 nobis.
658 1220 734 1286 uolo
755 1229 788 1285 te
810 1242 848 1286 ac
869 1229 943 1286 tuos
965 1241 1094 1287 amores

436 1339 478 1405 ad
499 1340 627 1405 caelum
649 1340 757 1424 lepido
780 1362 897 1406 uocare
921 1362 1028 1407 uersu.

844 1544 914 1609 VH

436 1666 577 1770 Quaeris
599 1705 680 1781 quot
700 1699 783 1764 mihi
805 1698 1003 1764 basiationes

436 1824 521 1893 tuae,
544 1817 674 1894 Lesbia,
697 1819 766 1883 sint
787 1819 868 1882 satis
892 1838 1064 1901 superque.

436 1957 535 2018 quam
557 1956 698 2020 magnus
719 1956 878 2001 numerus
901 1936 1044 2021 libyssae
1067 1957 1185 2002 arenae

436 2056 668 2138 laserpiciferis
689 2056 775 2121 iacet
795 2055 945 2143 Cyrenis,

394 2177 414 2240 5
436 2176 580 2241 eructum
600 2175 692 2240 Iouis
713 2176 800 2241 inter
821 2178 968 2241 aestuosi

436 2306 471 2360 ct
491 2296 583 2360 Batti
603 2297 725 2360 ueteris
747 2316 877 2361 sucrum
899 2295 1098 2379 sepulcrum,

438 2422 496 2481 aut
516 2435 615 2496 quam
638 2414 745 2479 sideru
766 2415 882 2494 multa,
906 2436 982 2480 cum
1004 2422 1090 2481 tacet
1111 2437 1187 2493 nox,

437 2535 579 2599 furtiuos
599 2534 775 2599 hominum
797 2534 913 2600 uident
935 2556 1071 2611 umores,

437 2665 506 2720 tam
529 2662 561 2720 te
583 2655 678 2721 basic
698 2654 805 2720 multe
827 2655 956 2721 basiare

376 2860 407 2910 13
418 2868 444 2910 et
456 2859 540 2910 futura
552 2859 634 2925 peuda
649 2859 661 2907 ΙΙ
680 2859 711 2909 14
723 2858 776 2909 Nee
791 2859 803 2907 ΙΙ
818 2859 867 2910 vll
879 2860 920 2910 Ad
933 2859 1049 2910 Lesbium
1064 2860 1076 2908 ΙΙ
1092 2861 1108 2909 4
1121 2859 1246 2925 Laserpici
1260 2858 1320 2909 seris
1332 2877 1394 2908 sscr.

373 2946 444 2997 fretis
468 2946 480 2995 ΙΙ
504 2946 613 3013 tyrrenis
630 2963 691 2996 secr.
709 2946 807 3012 cyrenis
829 2946 842 2993 ΙΙ
864 2947 880 2994 5
900 2946 951 2996 Oru
969 2946 1028 2995 dum
1046 2945 1058 2993 ΙΙ
1077 2945 1093 2995 6
1110 2947 1145 2995 Et
1163 2946 1230 2996 beati
1249 2946 1261 2994 ΙΙ
1279 2946 1296 2995 9
1314 2944 1394 2996 bueiei

478 3100 510 3149 14
526 3099 574 3149 Nei
596 3096 764 3148 ssMarcilius
781 3099 899 3150 asterium.
917 3100 941 3148 in
963 3098 1014 3149 Cat.
1034 3098 1078 3161 (Ni
1091 3099 1139 3148 iam
1150 3096 1304 3149 BGuariuus
1316 3099 1392 3162 scrip-

373 3187 471 3248 serat):
492 3184 546 3235 Nec
570 3183 628 3237 Vsu
704 3184 813 3233 12-14
825 3183 924 3234 Numne
936 3192 1022 3250 stupra
1033 3184 1103 3235 uates
1115 3184 1175 3233 mihi
1188 3192 1215 3244 t.,
1233 3185 1346 3235 cernon
1360 3212 1393 3222 -

373 3270 496 3335 pandant,
517 3268 600 3319 Noctu
621 3268 671 3335 (εἰσ
693 3265 805 3333 Scaliqer
826 3268 874 3318 ium
892 3286 914 3318 a.
933 3268 1004 3319 1577
1022 3270 1167 3336 scripserat)
1189 3270 1250 3335 quid
1269 3297 1301 3306 *-
1319 3271 1391 3336 inep-

373 3355 479 3405 tiarum?
514 3352 638 3420 Meleuqer
654 3354 714 3418 spic.
731 3355 765 3406 15
784 3353 860 3420 Atqui
878 3353 1007 3419 praeualet
1025 3355 1073 3405 istu
1091 3355 1125 3405 nil
1144 3362 1240 3417 tacere,
1259 3354 1309 3405 Cur
1326 3371 1392 3405 nuuc

372 3470 407 3477 -
424 3440 536 3505 pandens
554 3439 636 3490 Noetu
654 3439 715 3505 quid
733 3439 870 3490 Huselekius
889 3438 956 3489 ancl.
976 3440 1013 3490 46
1029 3439 1093 3491 Num
1110 3440 1145 3491 mi
1156 3438 1288 3507 praeualet
1298 3438 1347 3489 istu
1358 3439 1393 3489 nil

373 3532 465 3576 tacere.
501 3524 551 3577 Cur
568 3527 633 3577 non?
655 3532 706 3576 tem
723 3553 759 3563 -
776 3525 889 3592 pandas,
913 3524 967 3575 Nec
984 3533 1012 3575 tu
1029 3554 1063 3564 -
1080 3525 1245 3591 ineptiarum?
1285 3522 1391 3589 Spenqe-

374 3609 420 3661 Iius
440 3610 491 3658 tect.
509 3610 564 3659 100
582 3609 645 3659 Num
663 3610 712 3660 istu
729 3611 873 3675 pracualeut
890 3610 952 3660 nibil
970 3618 1056 3661 tacere
1075 3609 1187 3676 Stltiytuc
1206 3628 1267 3661 cens.
1285 3610 1340 3661 274
1352 3610 1392 3659 iu-

372 3692 558 3757 ambulatioque
575 3692 630 3744 Iam
647 3692 696 3743 ista
713 3694 767 3758 ipsa
784 3694 853 3744 ualet
870 3694 1018 3760 HLeyeerus
1036 3713 1089 3744 ann.
1109 3694 1178 3746 Ictu.
1197 3694 1258 3745 XV
1268 3695 1308 3745 36
1319 3694 1392 3753 Nam,

372 3778 399 3829 ni
416 3777 546 3843 praeualet
563 3776 611 3826 ista
627 3775 662 3825 nit
681 3783 777 3836 tacere,
796 3777 847 3827 Cur
858 3794 925 3827 nunc
943 3778 996 3841 (hoc
1008 3778 1055 3826 iam
1069 3775 1175 3840 Statius)
1194 3788 1244 3828 tam
1257 3778 1392 3842 &efferus

373 3866 446 3931 symb.
472 3862 509 3911 43
526 3860 614 3911 Nonus
636 3859 768 3926 praeualet
789 3860 838 3911 ista
860 3861 896 3911 nil
919 3869 1004 3911 tacere
1022 3859 1124 3909 Pettius
1144 3862 1191 3912 tect
1216 3863 1254 3913 32
1272 3864 1347 3925 Nam,
1366 3864 1393 3915 ui

373 3950 423 4000 ista
439 3965 482 3999 ore
500 3946 580 4007 ualet,
602 3945 665 3997 nihil
682 3954 766 3996 tacere
784 3945 879 3997 Curaut
896 3946 946 3997 ium
963 3945 1044 3997 latera
1062 3944 1172 3997 ecfututa
1193 3950 1289 4014 panda.
1311 3950 1392 4002 Noctu

374 4033 434 4098 quid
452 4032 558 4099 Heysius

443 4117 526 4169 Vl14
544 4115 732 4185 Lesurpiciferis
757 4114 944 4167 VFroctmerus
959 4115 1044 4181 putot
1057 4115 1147 4168 XIIII
1163 4121 1233 4171 568.-
1250 4121 1391 4187 Laserpici-

375 4198 437 4250 feris
459 4217 484 4253 ω
507 4201 553 4250 Lm
