3542 5167
729 700 893 753 X32—Xl
913 702 944 753 13

390 898 467 955 utor
488 896 558 953 tem
580 888 663 951 bene
686 907 785 967 quem
807 888 890 951 mihi
912 888 1093 970 pararint
1115 889 1131 932 l*
1154 889 1207 964 aq:

390 1008 447 1072 sed
468 1017 506 1071 ιιι
527 1006 654 1069 insulta
680 1005 768 1068 male
791 1012 825 1069 et
846 1006 986 1070 moleste
1010 1006 1109 1081 uiuis,

389 1147 447 1207 per
470 1145 571 1206 quam
592 1144 659 1188 non
681 1123 760 1187 lieet
781 1144 853 1187 esse
876 1124 1107 1207 negligentem.

809 1325 862 1389 XI
1018 1317 1034 1346 C

386 1450 470 1546 Furi
492 1486 525 1545 et
546 1478 671 1554 Aureli,
698 1479 834 1542 comites
857 1476 990 1556 Getulli,

392 1600 462 1663 siue
482 1599 518 1661 in
540 1603 704 1661 extremos
726 1597 908 1678 penetrabit
934 1595 1042 1674 Indos,
1146 1669 1156 1688 „

389 1707 471 1822 &is
493 1724 531 1780 ut
551 1716 648 1798 longe
675 1721 848 1778 resonante
857 1734 929 1778 'eoa

532 1833 683 1899 tunditur
704 1832 802 1909 unda,

349 1955 369 2016 5
391 1955 462 2018 siue
483 1954 520 2016 in
541 1952 713 2037 Hyrcanos
740 1951 908 2016 Arabesue
933 1953 1060 2030 molles,

393 2093 447 2137 seu
470 2069 571 2137 Sacas
594 2070 837 2155 sagittiferosue
859 2069 1012 2148 Parthos,
1106 2080 1110 2086 '

392 2193 463 2257 siue
485 2213 553 2273 quo
574 2190 852 2274 septemgeminus
875 2183 998 2257 eblomt

329 2390 333 2398 ι
532 2330 674 2392 aequore
695 2309 802 2385 Nilus,

394 2430 464 2494 siue
486 2436 577 2494 trans
600 2421 684 2493 alffis
707 2395 877 2513 gradietur
899 2426 1011 2511 Alpes,

215 2521 289 2626 ss
330 2547 372 2611 10
393 2546 544 2613 Caesaris
565 2548 677 2612 uisens
698 2548 901 2611 monimenta
928 2548 1050 2631 magni,

394 2665 552 2747 gellioum
574 2664 729 2729 Rhenum
752 2664 909 2729 horribile
934 2685 1054 2747 aequor
1076 2665 1153 2730 ulti-

532 2802 668 2864 mosque
688 2782 877 2860 Britannos,

394 2902 505 2967 omnia
525 2902 616 2980 haee,
639 2921 850 2984 quaeeunque
877 2902 959 2967 feret
986 2903 1141 2968 uoluntas

330 3107 364 3158 33
382 3106 462 3157 insule
484 3114 497 3163 ΙΙ
516 3106 554 3157 XI
571 3107 611 3157 Ad
624 3106 725 3158 l’urinm
743 3116 770 3158 et
783 3107 913 3159 Aurelium
936 3118 948 3167 11
968 3108 984 3157 2
1002 3109 1144 3175 penetrauit
1166 3117 1179 3165 ΙΙ
1198 3109 1214 3160 3
1232 3108 1274 3175 nt]
1290 3109 1351 3159 ubit

337 3201 349 3248 11
378 3192 551 3257 borebesqne
575 3202 587 3249 11
616 3191 704 3244 boine
722 3212 795 3261 seges
823 3194 835 3242 ll
855 3192 950 3261 7-qnae
975 3202 988 3249 ll
1015 3194 1047 3247 10
1063 3195 1167 3248 uidens?
1186 3204 1198 3252 ΙΙ
1225 3197 1253 3246 ll
1268 3194 1350 3245 horri-

331 3274 443 3341 bilesque
467 3283 479 3331 11
506 3275 536 3325 13
552 3275 605 3327 fere
629 3286 641 3333 Η

331 3392 381 3441 eius
403 3392 451 3443 Est
468 3391 497 3445 0.
520 3394 604 3459 granis
626 3394 746 3445 Auentino
854 3395 889 3446 32
911 3394 1006 3462 piratis
1030 3396 1124 3447 Statius
1232 3397 1265 3447 33
1287 3396 1352 3447 salse

332 3474 484 3527 Schraderus
507 3478 594 3529 eumd.
616 3481 650 3530 15
753 3480 818 3529 mele
836 3495 860 3532 ω
881 3479 996 3530 Hnodiue
1014 3483 1062 3532 obs,
1081 3481 1117 3531 57
1197 3497 1225 3531 ee
1248 3479 1354 3531 molesta

331 3577 361 3611 ex
377 3560 467 3611 dotano
484 3561 530 3611 Dm

360 3641 403 3715 81
425 3664 442 3713 3
464 3672 493 3713 ut
521 3662 555 3712 V:
577 3663 620 3715 nbi
644 3656 753 3741 β(97)
776 3666 864 3733 Longe
893 3668 935 3718 ubi
962 3668 1021 3721 litus
1054 3661 1117 3747 βω·
1235 3686 1353 3721 resonans

333 3747 439 3811 Statius,
462 3748 552 3814 sedes.
571 3748 696 3817 Spenyelii
718 3751 768 3802 lect.
792 3752 846 3802 105
869 3762 892 3802 et
908 3752 1027 3806 Noelcium
1048 3756 1083 3807 ud
1111 3755 1165 3807 Vol.
1188 3754 1240 3807 Cot.
1256 3773 1281 3822 p.
1299 3756 1354 3805 289

433 3835 458 3885 5.
480 3832 496 3883 6
516 3833 648 3886 Arabesue
672 3865 702 3875 -
727 3839 914 3905 sagittiferosue
936 3840 1116 3908 Pbquneruo
1138 3840 1173 3891 ad
1202 3840 1270 3905 Verq.
1292 3840 1353 3889 Aen.

273 3982 275 3986 Ι
340 3916 396 3967 VII
413 3918 485 3992 6052„
500 3919 645 3988 Arabesque
664 3922 823 3991 (Arabesque
843 3917 900 4002 βω)
920 3956 951 3964 -
970 3928 1173 3994 sagittiferosque
1193 3923 1243 4007 βω
1257 3924 1303 3972 Lm

436 4002 528 4070 7quae
548 4004 675 4058 VStatiur
687 4008 926 4078 Mummi-Loquere
944 4022 991 4064 oct.
1007 4012 1147 4062 liniemus.
1165 4008 1236 4063 1799
1253 4009 1289 4059 ΙΙ
1300 4006 1353 4059 678

333 4106 358 4141 ω
474 4091 502 4140 ll
523 4090 643 4168 horribile
660 4111 753 4161 aequor
770 4096 892 4164 Hauptius
911 4096 1107 4149 obs.271on*:
1126 4097 1306 4163 horribilesque
1331 4096 1357 4148 V

333 4173 380 4223 Ino
397 4175 529 4227 horribiles
551 4184 577 4228 et
594 4178 650 4243 (ω)
672 4181 711 4229 uel
737 4182 920 4252 horribilesque
937 4183 963 4233 in
981 4174 998 4258 β
1018 4181 1082 4230 Lm*
1105 4182 1250 4234 horribilem
1272 4182 1352 4235 selum

333 4255 424 4311 Murro
450 4259 514 4314 dier.
535 4261 608 4315 class.
627 4263 714 4330 pbrlol.
735 4270 781 4319 llll
814 4268 972 4335 (Centobriq.
1004 4266 1088 4334 1859)
1119 4266 1173 4320 289
1204 4268 1350 4321 horribiles·

1045 4370 1063 4423 3
