3542 5167
1190 680 1330 750 xvnn

309 875 404 940 lubet
424 879 579 959 exempla
600 901 665 943 non
688 880 782 945 nulla
804 881 885 946 satis
908 883 1053 967 insignia
1074 884 1216 963 adferre,
1246 907 1330 969 quae

309 996 384 1078 ipsa
399 1016 529 1079 quoque
543 997 584 1061 ad
601 998 686 1063 hano
701 1002 925 1082 quaestionem
939 1004 1118 1085 pertinent:
1135 1022 1206 1062 Lxm
1218 1006 1260 1070 23
1271 1028 1330 1091 pro

308 1116 488 1199 ederipsroe
499 1117 682 1182 ianuitei
693 1121 842 1203 deripere.
858 1122 887 1185 is
900 1122 956 1204 qui
968 1122 1095 1188 litteras
1107 1124 1154 1188 sie
1165 1123 1330 1204 diserenit,

310 1234 403 1298 nouit
422 1235 562 1299 formam
585 1235 679 1301 uerbi
702 1239 865 1321 mmqeadi
887 1241 1123 1322 antiquiorem,
1152 1264 1218 1308 non
1245 1246 1330 1307 dirt-

306 1354 409 1436 9andi
433 1373 532 1435 quam
554 1356 804 1438 interpolatores
819 1359 1016 1441 posteriores
1038 1359 1100 1425 hoe
1115 1382 1244 1444 quoque
1260 1362 1330 1428 loco

310 1472 560 1539 substituerunt.
598 1484 767 1557 praetcrea
788 1478 827 1542 ei.
849 1494 919 1535 mn
941 1478 982 1543 18
1004 1483 1165 1545 mositatis
1185 1482 1241 1547 uel
1264 1504 1329 1547 sre-

310 1594 418 1657 citotis
438 1615 498 1676 pro
519 1616 592 1660 erae
613 1596 667 1660 uel
690 1618 762 1661 aare
783 1599 891 1661 citatio
917 1606 951 1663 et
977 1615 1080 1656 vam1
1106 1600 1128 1664 3
1153 1601 1213 1665 illo
1242 1624 1331 1667 mare

310 1732 371 1793 pro
392 1714 486 1778 illum
506 1737 614 1779 rores.
651 1732 713 1772 Lx11
735 1714 779 1780 60
799 1738 858 1800 pro
881 1739 1013 1800 aequom
1036 1720 1199 1785 thuaneus
1221 1741 1332 1802 equom

310 1831 424 1909 habet,
457 1854 477 1897 a
505 1853 569 1916 quo
598 1834 675 1898 libri
704 1835 735 1897 V
764 1857 842 1917 aquo
871 1837 930 1900 uix
958 1835 1075 1902 differt
1129 1852 1182 1895 un
1210 1839 1250 1902 15
1272 1861 1332 1921 pre

311 1973 371 2015 aee
403 1952 435 2016 V
469 1952 588 2017 habuit
618 1976 663 2019 aa.
721 1970 806 2011 xxnn
835 1956 856 2018 4
890 1957 1020 2021 Mollem
1052 1959 1190 2022 diuitias
1223 1956 1332 2023 Midae

314 2072 453 2135 dedisses
474 2072 509 2135 in
532 2072 626 2137 libris
648 2082 699 2138 est
721 2076 766 2139 M.
788 2077 818 2137 d.
841 2076 887 2138 mi
910 2077 1056 2139 dedisses.
1094 2076 1151 2141 sed
1167 2083 1237 2141 erat
1251 2077 1332 2142 elim

313 2191 489 2256 manifesto
521 2189 652 2257 Mollem
683 2195 820 2258 dicitius
853 2194 942 2261 Mida
978 2198 1124 2261 dedisses.
1191 2195 1333 2279 deniqne

314 2328 364 2367 nn
384 2310 448 2375 206
462 2313 557 2377 osiaci
571 2313 604 2376 iu
617 2314 648 2376 V
661 2313 726 2377 fuit
741 2335 799 2395 pro
811 2316 934 2389 eerieei,
950 2314 1034 2395 quod
1051 2336 1159 2379 errore
1175 2315 1333 2380 facillimo

312 2432 354 2512 (Ε
374 2454 435 2515 pro
458 2432 499 2513 F)
523 2454 581 2515 pro
603 2435 720 2517 ofrieei
743 2434 821 2497 olim
845 2434 1006 2515 scriptum
1028 2434 1153 2516 fuit⁴⁴).

414 2552 542 2618 Deinde
569 2553 676 2619 scriba
705 2553 782 2618 libri
804 2554 997 2617 ucionensis
1021 2554 1166 2618 earmina
1188 2554 1276 2617 inter
1298 2576 1333 2617 se

310 2672 346 2735 in
380 2673 557 2755 archetypo
589 2682 661 2737 arte
697 2673 906 2739 cohaerentia
942 2672 1132 2738 interstitiis
1170 2679 1331 2753 quantum

312 2792 420 2874 potuit
441 2792 608 2874 separauit
630 2800 663 2855 et
685 2793 813 2869 titulos,
837 2799 968 2856 uteret
991 2799 1105 2874 captus
1128 2792 1213 2866 eius,
1237 2812 1330 2872 prac-

312 2912 429 2996 posuit.
463 2913 500 2974 in
523 2911 607 2976 libro
622 2911 655 2973 V
670 2910 801 2975 eosdem
817 2893 920 2974 fnisse
936 2932 1017 2991 quos
1032 2912 1066 2974 in
1081 2910 1176 2975 libris
1192 2910 1330 2974 sinceris

313 3030 409 3095 hodie
430 3029 590 3094 habemus
613 3031 736 3107 titulos,
759 3051 801 3094 cx
824 3030 1002 3094 eorundem
1025 3030 1059 3093 in
1082 3029 1176 3094 libris
1193 3030 1331 3093 sinceris

312 3150 532 3216 similitudine
569 3171 606 3213 ac
642 3150 841 3231 aequalitate
877 3158 964 3213 certo
1002 3148 1234 3232 conligendum
1271 3161 1331 3213 est.

315 3280 483 3354 praetcrea
509 3268 733 3334 adnotandum
760 3270 826 3333 iam
848 3269 944 3333 illurn
968 3269 1135 3332 hominem
1158 3269 1214 3350 qui
1236 3272 1334 3333 flores

316 3392 492 3456 moralium
515 3391 745 3454 auctoritatum
762 3390 913 3452 Veronae
933 3411 959 3452 a.
977 3388 1060 3451 1329
1075 3388 1237 3467 congessit
1253 3387 1287 3448 in
1302 3388 1333 3448 V

315 3506 1188 3592 eandeminscriptionemAdVoramr·opperisse,quern
1197 3504 1334 3568 carmini

315 3646 379 3687 xxn
401 3629 481 3693 elim
502 3630 538 3693 in
553 3649 591 3692 eo
606 3629 825 3711 praepositam
844 3627 947 3691 foisse
962 3648 1003 3690 ex
1020 3625 1158 3689 lectione
1173 3624 1335 3688 librorum

315 3751 531 3832 superstitum
554 3757 679 3813 certum
701 3750 808 3832 estse),
837 3746 895 3811 sed
918 3747 1008 3811 hisce
1031 3746 1141 3810 titulis
1163 3753 1202 3809 ut
1226 3753 1335 3808 totus

315 3870 399 3933 liber
427 3870 627 3935 catullianus
654 3870 689 3931 in
718 3867 865 3932 earmina
893 3866 1025 3950 singula
1047 3865 1225 3946 dispositus
1249 3868 1336 3925 osset

314 4143 399 4199 XIIII
413 4145 463 4196 160
479 4144 593 4212 Scaliger
610 4142 697 4209 castig.
715 4144 746 4193 ad
765 4142 819 4194 cat.
837 4138 895 4193 LXI
914 4140 947 4190 82
967 4136 1069 4191 GXM
1172 4133 1206 4183 44
1223 4133 1253 4184 cl.
1272 4133 1337 4184 infra

315 4249 340 4298 p.
356 4229 469 4282 xxvlu
681 4227 715 4275 45
732 4226 764 4277 ef.
781 4243 857 4293 supra
873 4224 958 4275 adnot.
979 4223 1007 4273 ll
1027 4235 1052 4289 p.
1071 4217 1115 4272 III

1099 4318 1134 4373 ο*
