3542 5167
1264 667 1397 741 »ml

375 876 625 946 discernantur:
657 898 733 945 cum
752 878 957 962 pracsertim
986 900 1051 945 non
1080 879 1116 945 iu
1142 902 1248 946 unum
1276 880 1333 946 scd
1350 882 1395 945 :in

376 998 535 1082 conplura
556 998 758 1081 exemplaria
780 999 973 1064 neronensis
992 998 1095 1064 codex
1110 1001 1327 1084 transcriptus
1342 1000 1395 1076 sit,

376 1118 430 1192 uel
453 1117 526 1181 ideo
548 1118 654 1182 oritur
675 1118 868 1200 saepissime
889 1118 1084 1201 disceptatio
1106 1127 1219 1183 utrum
1246 1119 1396 1184 lectionis

379 1237 556 1302 diuersitas
584 1236 662 1301 inde
684 1236 770 1319 quod
792 1236 920 1302 scribae
941 1238 1063 1303 diuersi
1085 1239 1120 1302 in
1143 1237 1297 1303 ductibus
1321 1238 1397 1302 libri

376 1357 570 1423 ueroncnsis
597 1355 774 1421 reddendis
801 1358 896 1421 uaria
925 1358 1059 1423 fortuna
1088 1357 1310 1422 laboraueriut
1339 1378 1395 1421 ex-

375 1475 529 1561 plicanda
552 1478 597 1540 sit
618 1496 661 1540 an
682 1497 724 1540 ex
746 1476 974 1542 emendatione
995 1479 1136 1560 cogitata
1150 1478 1271 1541 erroris
1287 1478 1395 1542 cuius-

374 1595 452 1662 dam
483 1596 518 1659 in
547 1594 632 1658 libro
661 1596 838 1661 ueronsnsi
869 1596 1036 1660 commissi
1065 1596 1228 1679 originem
1256 1596 1395 1661 duxerit.

373 1736 490 1782 uerum
523 1724 807 1797 quantaecumque
840 1724 919 1779 sunt
952 1716 1165 1782 difficultates
1198 1717 1234 1780 in
1267 1716 1329 1781 hac
1361 1738 1397 1781 re

374 1833 622 1920 peruincendae‚
646 1841 757 1899 tamen
779 1834 937 1899 editorem
952 1834 1093 1918 singulis
1113 1836 1299 1918 quibusque
1316 1836 1396 1900 locis

377 1952 457 2036 quid
477 1953 579 2017 luerit
599 1954 635 2017 in
657 1952 743 2018 libro
765 1955 943 2019 neronensi
965 1992 1005 2001 -
1029 1975 1171 2037 quocum
1193 1955 1229 2019 in
1252 1955 1397 2019 carmine

377 2073 583 2156 sexagesimo
605 2071 749 2137 secundo
770 2072 910 2155 gallicus
925 2080 1028 2139 certat
1041 2075 1188 2157 -prius
1203 2094 1303 2156 quam
1318 2072 1396 2156 quid

375 2199 472 2275 poeta
487 2191 654 2274 scripserit
668 2212 823 2273 quaerere
839 2200 974 2275 oportet.
1012 2213 1076 2274 quo
1090 2193 1176 2259 facto
1191 2214 1233 2257 cx
1255 2194 1395 2258 lectione

377 2331 476 2394 quum
498 2312 533 2375 in
557 2310 641 2375 libro
662 2311 838 2375 neronensi
860 2312 963 2376 fuisse
977 2312 1146 2393 inquisitio
1162 2312 1305 2395 diligens
1320 2332 1395 2396 pro-

378 2430 489 2496 babile
510 2429 656 2494 reddidit
677 2430 750 2512 ipsa
772 2428 898 2495 Catulli
920 2429 1022 2493 usrbu
1043 2429 1255 2513 reciperando
1277 2437 1363 2495 sunt

481 2549 535 2613 Ad
565 2570 667 2615 unam
696 2550 891 2614 uerenensis
920 2548 1039 2613 codicis
1069 2550 1244 2614 lectionem
1276 2549 1396 2614 editori

378 2669 505 2736 Catulli
532 2673 668 2736 omnino
696 2668 902 2735 redeundum
924 2690 995 2734 esse
1016 2669 1252 2735 Lachmanuus
1274 2670 1397 2752 optIme

376 2791 552 2872 perspexit,
576 2790 639 2855 etsi
659 2810 727 2853 nou
749 2810 788 2854 eo
809 2810 1003 2873 progressus
1018 2797 1122 2854 estut
1136 2789 1227 2853 omni
1243 2788 1395 2855 codicum

377 2917 565 2975 nostrorum
579 2909 732 2975 uarietati
747 2930 849 2975 unam
863 2908 984 2975 codicis
995 2910 1185 2975 neronensis
1196 2911 1393 2993 scripturam

375 3050 417 3094 ex
439 3028 498 3092 illa
520 3029 664 3093 elicitam
686 3027 916 3095 substitueret:
939 3029 996 3094 sed
1020 3028 1184 3113 duplicem
1201 3029 1320 3093 maluit
1335 3050 1394 3112 per
1432 3017 1436 3026 ’

376 3146 502 3213 librum
528 3149 748 3213 catullianum
782 3149 957 3215 lectionem
990 3148 1189 3227 adscribere,
1223 3150 1316 3215 cuius
1348 3150 1396 3215 al-

376 3276 447 3333 tera
474 3276 550 3334 utra
577 3270 777 3353 scripturam
804 3269 883 3333 libri
911 3270 1105 3335 uerenensis
1127 3278 1395 3352 repraesentaret

379 3387 460 3454 baec
483 3389 572 3454 enim
594 3388 697 3453 uerba
718 3389 906 3471 praeposuit
928 3388 1076 3451 editioni:
1101 3389 1239 3452 ‘Codices
1260 3391 1299 3451 D
1313 3396 1341 3451 ct
1354 3390 1395 3463 L,

377 3528 459 3574 cam
486 3530 649 3592 quorum
669 3508 873 3595 'alterutro
899 3508 1024 3571 ceteri
1050 3527 1124 3569 nora
1152 3504 1396 3589 interpolati
1514 3537 1517 3546 2

376 3628 514 3712 ubique
535 3629 840 3710 consentiuntur,
861 3629 922 3691 boc
942 3626 1077 3691 editiore
1098 3634 1177 3690 totos
1196 3626 1395 3691 cohibemus:

376 3748 496 3830 quibus
526 3755 688 3831 quantum
715 3747 756 3812 de
786 3746 913 3813 Ostulli
945 3747 1132 3813 recensione
1160 3745 1396 3811 Lachmannus

375 3869 533 3932 meruerit
560 3877 648 3933 recte
675 3866 899 3932 aestimabunt
931 3867 960 3930 si
993 3868 1051 3949 qui
1084 3864 1283 3931 contulerint
1315 3861 1395 3942 quid

375 3981 568 4052 IrSantenio
584 3987 634 4069 [in
650 3987 795 4052 editione
810 4008 836 4052 o.
852 3985 1019 4067 LXVIII]
1035 3983 1122 4048 idem
1136 3983 1395 4045 instrumentum

376 4105 528 4170 criticum
551 4126 615 4188 quo
636 4114 751 4189 postea
779 4105 1014 4171 Lachmannus
1036 4121 1117 4166 usus
1140 4108 1192 4163 est
1211 4099 1393 4182 profecerit.

445 4242 479 4293 53
496 4242 578 4295 sicubi
594 4242 769 4295 Irscbmaunus
785 4242 813 4294 in
824 4242 848 4292 D
860 4250 887 4292 et
899 4241 920 4291 t
931 4237 1051 4291 lectiones
1068 4234 1166 4289 inuenit
1176 4252 1281 4304 quorun
1291 4235 1395 4292 &uude
