3542 5167
678 684 777 736 XXXX
797 686 1010 740 4-XXXX18

397 868 570 933 ueoordom
591 875 687 952 parat
708 872 852 936 oxoitaro
874 873 1006 937 rixam?

352 988 372 1049 5
395 1008 436 1050 an
459 996 497 1050 ut
517 988 690 1069 peruenias
711 988 745 1050 in
768 1009 825 1052 oro
847 991 962 1074 uulgi?

396 1106 474 1187 quid
497 1105 571 1169 uis?
594 1126 657 1187 qua
680 1105 774 1169 lubet
795 1128 867 1171 osso
891 1117 989 1173 notus
1012 1112 1125 1192 optas?

395 1224 469 1297 oris,
492 1222 756 1304 quandoquidem
778 1244 868 1289 moos
892 1247 1019 1290 amores

394 1360 467 1403 oum
491 1340 590 1423 longa
611 1340 744 1404 uoluisti
769 1362 879 1407 amoro
900 1363 1012 1425 poona.

763 1592 922 1660 XXXXI

393 1751 540 1845 Ameana
560 1775 673 1864 puella
695 1781 844 1847 defututa

391 1905 460 1962 tota
480 1900 574 1962 milia
595 1920 649 1963 mo
672 1899 785 1965 decom
809 1902 965 1983 poposcit,

388 2018 452 2081 ista
473 2018 638 2100 turpiculo
659 2018 771 2101 puella
793 2040 882 2096 noso,

389 2133 565 2199 decoctoris
589 2136 693 2200 amieo
714 2136 876 2201 formiani.

346 2254 367 2315 5
387 2254 571 2335 propinqui,
594 2254 713 2335 quibus
735 2263 786 2319 ost
808 2256 923 2338 puello
946 2276 1052 2333 ouras,

389 2372 509 2435 amisos
531 2369 739 2454 modicosque
762 2382 951 2436 oonuooato:

388 2511 455 2554 non
477 2498 526 2554 ost
549 2511 629 2554 sana
649 2491 768 2572 puella.
792 2512 852 2555 noo
874 2500 986 2575 rogato

389 2609 495 2690 qualis
518 2609 574 2672 sit:
597 2608 681 2672 solos
702 2630 768 2673 esse
789 2610 984 2693 imaginose.

323 2815 532 2881 opemeniamus
550 2814 576 2864 in
599 2825 612 2871 11
635 2815 758 2881 8poema
780 2812 820 2865 al'.
839 2832 919 2879 poena
943 2823 955 2872 ΙΙ
979 2815 1090 2866 XXXX!
1111 2819 1121 2867 l
1143 2820 1301 2870 Ameana
1325 2828 1337 2876 ΙΙ

323 2901 442 2967 ὄρυοΠο
467 2912 479 2958 ΙΙ
503 2902 520 2951 6
538 2907 693 2953 conuocare?
715 2907 728 2956 ΙΙ
751 2902 768 2951 8
791 2907 817 2950 ot
839 2900 1002 2965 imaginosum

322 3037 413 3069 norsum
431 3007 568 3087 Po'rpiyrio
593 3030 616 3071 et
632 3030 795 3071 commentator
816 3020 960 3084 conquianus
984 3018 1019 3069 ad
1034 3019 1096 3071 Hor.
1120 3039 1192 3074 carm.
1215 3022 1235 3071 Ι
1254 3023 1291 3073 16
1309 3023 1344 3074 24

321 3106 453 3169 respexisse
471 3105 586 3156 uidentur.
610 3106 640 3170 cs.
663 3106 729 3170 infra
742 3107 837 3170 sraprn.
858 3102 910 3154 Cat.
923 3105 975 3154 III
1060 3107 1076 3155 5
1101 3107 1277 3172 perueniamus
1301 3127 1345 3159 ors

325 3183 341 3267 β
357 3188 469 3255 Sittipius
572 3190 588 3240 6
607 3191 701 3252 Quouis
720 3188 814 3240 Statius
833 3189 919 3241 Guiuis
944 3188 1043 3239 Vossius
1062 3191 1150 3252 Quiuis
1169 3191 1274 3256 Hepsius

392 3289 506 3343 XXXX!
526 3292 537 3341 l
557 3292 670 3343 Ameana
683 3292 830 3342 Froeinerus
842 3309 900 3341 mus.
918 3293 981 3341 rhen.
997 3292 1061 3343 Xm
1071 3294 1122 3343 149
1130 3312 1178 3357 pro
1191 3294 1342 3345 ‘Ammiano’

320 3376 423 3439 positum
441 3393 492 3425 esse
505 3385 584 3441 putot.
607 3378 707 3428 Amiani
718 3394 798 3426 nornen
810 3386 846 3425 est
861 3376 886 3424 in
902 3374 949 3426 cic.
969 3376 1059 3425 odAtt
1084 3375 1147 3426 VII
1164 3378 1204 3426 13.
1231 3378 1344 3428 Amoens

322 3459 366 3510 illo
387 3459 493 3526 Heysius
516 3461 634 3512 Ametino
655 3460 778 3525 Hauptrirs
805 3460 830 3509 in
855 3458 954 3508 editione
976 3458 1081 3509 secunda
1104 3460 1219 3510 Aufilens
1242 3460 1342 3510 Poklius

324 3544 374 3594 tect
393 3545 432 3593 41.
451 3545 531 3608 possis
554 3547 624 3595 etiam
644 3546 755 3595 Anniano
777 3544 825 3608 (os.
848 3541 950 3606 &interi
967 3544 1040 3595 inser.
1063 3543 1130 3606 159,
1158 3543 1280 3593 9Paulii
1301 3561 1340 3593 en-

322 3627 410 3693 oyelop.
429 3629 503 3692 antiq.
522 3628 650 3695 1²1020)
669 3630 709 3680 Ah
728 3646 776 3689 mo,
794 3646 824 3679 on
843 3627 886 3679 illa
900 3626 1012 3693 Scaliper
1030 3628 1080 3678 Ain
1098 3646 1158 3679 sona
1175 3628 1259 3694 puella
1279 3626 1341 3678 Vos·

321 3714 371 3762 sius
470 3715 587 3766 diffututa
606 3714 758 3766 BGnarinus
776 3714 846 3780 (Hs)
866 3714 913 3778 (if.
931 3713 966 3764 ad
977 3713 1132 3764 XXVIIII
1147 3715 1196 3780 13)
1265 3713 1282 3764 7
1300 3731 1341 3765 ro-

319 3805 378 3862 gate
403 3796 437 3846 V.-
459 3816 550 3865 rogaro
566 3785 590 3869 β.
609 3810 684 3850 utrum
702 3799 802 3849 editores
818 3799 981 3865 praetulerint
998 3816 1027 3849 en
1044 3799 1130 3849 iudicio
1148 3799 1212 3863 quod
1227 3798 1255 3847 cle
1272 3816 1341 3848 uersu

319 3883 426 3948 sequenti
438 3883 551 3945 fecerunt
564 3884 678 3949 pependit
779 3884 795 3934 8
817 3902 873 3936 esse
898 3886 1034 3951 imaginosa
1055 3884 1154 3946 scripsi:
1177 3890 1203 3932 ot
1219 3882 1340 3947 imagino-

319 3984 372 4016 sum
398 3962 466 4016 VLrn
487 3968 550 4019 hseo
572 3970 735 4035 imaginosum
754 3962 797 4045 βω
816 3968 929 4035 Scaliper
940 3970 1006 4019 Ian*
1023 3969 1067 4018 sit:
1090 3966 1169 4015 solide
1192 3972 1232 4015 est
1248 3965 1337 4029 imagi-

319 4068 381 4101 noss
397 4051 521 4116 Hauptius
539 4053 583 4105 sit:
603 4054 694 4105 stolida
710 4062 785 4120 etque
803 4055 965 4121 inopinosast
977 4053 1109 4102 Ploitnerns
1118 4065 1202 4113 propr.
1224 4049 1285 4112 spir.
1303 4048 1339 4099 16

319 4151 410 4201 rogare
429 4136 459 4197 Q.
478 4155 497 4187 s.
522 4138 596 4188 solet:
625 4154 657 4187 on
684 4138 844 4202 imsginossm
863 4139 933 4203 (Hs)
959 4136 998 4186 nei
1023 4134 1088 4183 solet
1113 4133 1175 4181 hooc
1202 4132 1338 4197 imaginoss

317 4218 464 4285 Doerinpius
483 4238 572 4287 rogaro
586 4221 673 4283 Qualis
690 4223 723 4271 sit
740 4223 804 4273 solet
821 4225 883 4275 hooc
901 4224 957 4288 (oss
977 4215 1154 4281 themistius)
1173 4216 1336 4283 imaginosum
