<?xml version="1.0" encoding="UTF-8"?>
<!DOCTYPE html PUBLIC "-//W3C//DTD XHTML 1.0 Transitional//EN"
    "http://www.w3.org/TR/xhtml1/DTD/xhtml1-transitional.dtd">
<html xmlns="http://www.w3.org/1999/xhtml" xml:lang="en" lang="en">
 <head>
  <title>
</title>
<meta http-equiv="Content-Type" content="text/html;charset=utf-8" />
  <meta name='ocr-system' content='tesseract 3.04.00' />
  <meta name='ocr-capabilities' content='ocr_page ocr_carea ocr_par ocr_line ocrx_word'/>
</head>
<body>
  <div class='ocr_page' id='page_1' title='image "./gvalericatvllil00catugoog_0140.png"; bbox 0 0 3542 5167; ppageno 0'>
   <div class='ocr_carea' id='block_1_1' title="bbox 746 708 1397 777">
    <p class='ocr_par' dir='ltr' id='par_1_1' title="bbox 746 708 1397 777">
     <span class='ocr_line' id='line_1_1' title="bbox 746 708 1397 777; baseline 0 -4"><span class='ocrx_word' id='word_1_1' title='bbox 746 720 852 777; x_wconf 84' lang='lat' dir='ltr'><strong>uxrrn</strong></span> <span class='ocrx_word' id='word_1_2' title='bbox 871 722 960 775; x_wconf 87' lang='lat' dir='ltr'><strong>uc-</strong></span> <span class='ocrx_word' id='word_1_3' title='bbox 973 723 1021 775; x_wconf 86' lang='lat' dir='ltr'><strong>rsa</strong></span> <span class='ocrx_word' id='word_1_4' title='bbox 1354 708 1397 773; x_wconf 86' lang='grc'><strong>99</strong></span> 
     </span>
    </p>
   </div>
   <div class='ocr_carea' id='block_1_2' title="bbox 374 904 1394 1468">
    <p class='ocr_par' dir='ltr' id='par_1_2' title="bbox 458 904 1394 1346">
     <span class='ocr_line' id='line_1_2' title="bbox 459 904 1353 994; baseline 0.004 -25"><span class='ocrx_word' id='word_1_5' title='bbox 459 904 516 969; x_wconf 90' lang='lat' dir='ltr'><strong>sed</strong></span> <span class='ocrx_word' id='word_1_6' title='bbox 539 905 617 987; x_wconf 91' lang='lat' dir='ltr'><strong>quid</strong></span> <span class='ocrx_word' id='word_1_7' title='bbox 639 926 699 990; x_wconf 82' lang='lat' dir='ltr'><strong>ego</strong></span> <span class='ocrx_word' id='word_1_8' title='bbox 721 910 873 990; x_wconf 87' lang='lat' dir='ltr'><strong>aprime</strong></span> <span class='ocrx_word' id='word_1_9' title='bbox 897 910 1064 994; x_wconf 81' lang='lat' dir='ltr'><strong>digressus</strong></span> <span class='ocrx_word' id='word_1_10' title='bbox 1088 911 1234 976; x_wconf 76' lang='lat' dir='ltr'><strong>carmine</strong></span> <span class='ocrx_word' id='word_1_11' title='bbox 1255 910 1353 992; x_wconf 91' lang='lat' dir='ltr'><strong>plura</strong></span> 
     </span>
     <span class='ocr_line' id='line_1_3' title="bbox 459 1026 1394 1112; baseline 0.004 -23"><span class='ocrx_word' id='word_1_12' title='bbox 459 1046 720 1103; x_wconf 82' lang='lat' dir='ltr'><strong>commemorem,</strong></span> <span class='ocrx_word' id='word_1_13' title='bbox 744 1036 782 1090; x_wconf 93' lang='lat' dir='ltr'><strong>ut</strong></span> <span class='ocrx_word' id='word_1_14' title='bbox 803 1026 959 1108; x_wconf 90' lang='lat' dir='ltr'><strong>linquens</strong></span> <span class='ocrx_word' id='word_1_15' title='bbox 982 1030 1140 1112; x_wconf 83' lang='lat' dir='ltr'><strong>genitoris</strong></span> <span class='ocrx_word' id='word_1_16' title='bbox 1162 1029 1234 1094; x_wconf 86' lang='lat' dir='ltr'><strong>filia</strong></span> <span class='ocrx_word' id='word_1_17' title='bbox 1252 1028 1394 1104; x_wconf 89' lang='lat' dir='ltr'><strong>uultum,</strong></span> 
     </span>
     <span class='ocr_line' id='line_1_4' title="bbox 461 1144 1394 1230; baseline 0.008 -24"><span class='ocrx_word' id='word_1_18' title='bbox 461 1152 498 1207; x_wconf 93' lang='lat' dir='ltr'><strong>ut</strong></span> <span class='ocrx_word' id='word_1_19' title='bbox 521 1144 782 1227; x_wconf 82' lang='lat' dir='ltr'><strong>consanguineae</strong></span> <span class='ocrx_word' id='word_1_20' title='bbox 804 1145 1024 1227; x_wconf 85' lang='lat' dir='ltr'><strong>complexum,</strong></span> <span class='ocrx_word' id='word_1_21' title='bbox 1047 1156 1086 1211; x_wconf 93' lang='lat' dir='ltr'><strong>ut</strong></span> <span class='ocrx_word' id='word_1_22' title='bbox 1108 1147 1248 1230; x_wconf 88' lang='lat' dir='ltr'><strong>denique</strong></span> <span class='ocrx_word' id='word_1_23' title='bbox 1270 1148 1394 1224; x_wconf 88' lang='lat' dir='ltr'><strong>matris,</strong></span> 
     </span>
     <span class='ocr_line' id='line_1_5' title="bbox 458 1262 1270 1346; baseline 0.006 -21"><span class='ocrx_word' id='word_1_24' title='bbox 458 1283 542 1343; x_wconf 90' lang='lat' dir='ltr'><strong>quae</strong></span> <span class='ocrx_word' id='word_1_25' title='bbox 565 1262 685 1325; x_wconf 89' lang='lat' dir='ltr'><strong>misera</strong></span> <span class='ocrx_word' id='word_1_26' title='bbox 707 1262 740 1325; x_wconf 94' lang='lat' dir='ltr'><strong>in</strong></span> <span class='ocrx_word' id='word_1_27' title='bbox 764 1271 864 1346; x_wconf 84' lang='lat' dir='ltr'><strong>gnata</strong></span> <span class='ocrx_word' id='word_1_28' title='bbox 887 1264 1058 1346; x_wconf 89' lang='lat' dir='ltr'><strong>deperdita</strong></span> <span class='ocrx_word' id='word_1_29' title='bbox 1079 1266 1270 1343; x_wconf 80' lang='lat' dir='ltr'><strong>laetabatar,</strong></span> 
     </span>
    </p>

    <p class='ocr_par' dir='ltr' id='par_1_3' title="bbox 374 1380 1385 1468">
     <span class='ocr_line' id='line_1_6' title="bbox 374 1380 1385 1468; baseline 0.004 -25"><span class='ocrx_word' id='word_1_30' title='bbox 374 1380 435 1444; x_wconf 83' lang='lat'>120</span> <span class='ocrx_word' id='word_1_31' title='bbox 458 1380 612 1444; x_wconf 93' lang='lat' dir='ltr'><strong>omnibus</strong></span> <span class='ocrx_word' id='word_1_32' title='bbox 634 1380 686 1445; x_wconf 92' lang='lat' dir='ltr'><strong>his</strong></span> <span class='ocrx_word' id='word_1_33' title='bbox 709 1382 827 1445; x_wconf 73' lang='lat' dir='ltr'><strong>Thesei</strong></span> <span class='ocrx_word' id='word_1_34' title='bbox 850 1382 980 1447; x_wconf 90' lang='lat' dir='ltr'><strong>dulcem</strong></span> <span class='ocrx_word' id='word_1_35' title='bbox 1003 1386 1207 1468; x_wconf 77' lang='lat' dir='ltr'><strong>praeoptarit</strong></span> <span class='ocrx_word' id='word_1_36' title='bbox 1229 1405 1385 1461; x_wconf 87' lang='lat' dir='ltr'><strong>amorem,</strong></span> 
     </span>
    </p>
   </div>
   <div class='ocr_carea' id='block_1_3' title="bbox 374 1502 1368 2895">
    <p class='ocr_par' dir='ltr' id='par_1_4' title="bbox 374 1502 1368 2895">
     <span class='ocr_line' id='line_1_7' title="bbox 458 1502 1248 1582; baseline 0.005 -20"><span class='ocrx_word' id='word_1_37' title='bbox 458 1507 515 1562; x_wconf 89' lang='lat' dir='ltr'><strong>aut</strong></span> <span class='ocrx_word' id='word_1_38' title='bbox 536 1507 575 1563; x_wconf 91' lang='lat' dir='ltr'><strong>ut</strong></span> <span class='ocrx_word' id='word_1_39' title='bbox 596 1507 692 1564; x_wconf 88' lang='lat' dir='ltr'><strong>uecta</strong></span> <span class='ocrx_word' id='word_1_40' title='bbox 713 1502 778 1564; x_wconf 77' lang='lat' dir='ltr'><strong>rati</strong></span> <span class='ocrx_word' id='word_1_41' title='bbox 800 1522 956 1582; x_wconf 90' lang='lat' dir='ltr'><strong>spumosa</strong></span> <span class='ocrx_word' id='word_1_42' title='bbox 977 1502 1018 1565; x_wconf 94' lang='lat' dir='ltr'><strong>ad</strong></span> <span class='ocrx_word' id='word_1_43' title='bbox 1041 1502 1140 1567; x_wconf 87' lang='lat' dir='ltr'><strong>litora</strong></span> <span class='ocrx_word' id='word_1_44' title='bbox 1163 1503 1248 1566; x_wconf 82' lang='lat' dir='ltr'><strong>Diae</strong></span> 
     </span>
     <span class='ocr_line' id='line_1_8' title="bbox 458 1619 1320 1695; baseline 0.002 -14"><span class='ocrx_word' id='word_1_45' title='bbox 458 1620 587 1695; x_wconf 66' lang='lat' dir='ltr'><strong>uenerat,</strong></span> <span class='ocrx_word' id='word_1_46' title='bbox 609 1626 669 1683; x_wconf 88' lang='lat' dir='ltr'><strong>aut</strong></span> <span class='ocrx_word' id='word_1_47' title='bbox 691 1626 729 1682; x_wconf 90' lang='lat' dir='ltr'><strong>ut</strong></span> <span class='ocrx_word' id='word_1_48' title='bbox 751 1640 823 1683; x_wconf 89' lang='lat' dir='ltr'><strong>eam</strong></span> <span class='ocrx_word' id='word_1_49' title='bbox 846 1619 1032 1685; x_wconf 84' lang='lat' dir='ltr'><strong>deuinctam</strong></span> <span class='ocrx_word' id='word_1_50' title='bbox 1054 1620 1182 1684; x_wconf 90' lang='lat' dir='ltr'><strong>lumina</strong></span> <span class='ocrx_word' id='word_1_51' title='bbox 1204 1641 1320 1684; x_wconf 92' lang='lat' dir='ltr'><strong>somno</strong></span> 
     </span>
     <span class='ocr_line' id='line_1_9' title="bbox 458 1738 1338 1822; baseline 0.003 -22"><span class='ocrx_word' id='word_1_52' title='bbox 458 1738 591 1819; x_wconf 89' lang='lat' dir='ltr'><strong>liquerit</strong></span> <span class='ocrx_word' id='word_1_53' title='bbox 612 1738 798 1802; x_wconf 88' lang='lat' dir='ltr'><strong>immemori</strong></span> <span class='ocrx_word' id='word_1_54' title='bbox 821 1739 992 1804; x_wconf 78' lang='lat' dir='ltr'><strong>discedens</strong></span> <span class='ocrx_word' id='word_1_55' title='bbox 1014 1748 1144 1822; x_wconf 80' lang='lat' dir='ltr'><strong>pectore</strong></span> <span class='ocrx_word' id='word_1_56' title='bbox 1167 1741 1338 1805; x_wconf 85' lang='lat' dir='ltr'><strong>coniunx?</strong></span> 
     </span>
     <span class='ocr_line' id='line_1_10' title="bbox 458 1857 1322 1939; baseline 0.003 -19"><span class='ocrx_word' id='word_1_57' title='bbox 458 1877 554 1938; x_wconf 90' lang='lat' dir='ltr'><strong>saepe</strong></span> <span class='ocrx_word' id='word_1_58' title='bbox 576 1857 670 1921; x_wconf 87' lang='lat' dir='ltr'><strong>illam</strong></span> <span class='ocrx_word' id='word_1_59' title='bbox 692 1857 867 1939; x_wconf 85' lang='lat' dir='ltr'><strong>perhibent</strong></span> <span class='ocrx_word' id='word_1_60' title='bbox 890 1858 1016 1924; x_wconf 84' lang='lat' dir='ltr'><strong>ardenti</strong></span> <span class='ocrx_word' id='word_1_61' title='bbox 1039 1860 1136 1924; x_wconf 90' lang='lat' dir='ltr'><strong>corde</strong></span> <span class='ocrx_word' id='word_1_62' title='bbox 1158 1860 1322 1924; x_wconf 88' lang='lat' dir='ltr'><strong>furentem</strong></span> 
     </span>
     <span class='ocr_line' id='line_1_11' title="bbox 374 1974 1194 2060; baseline 0.006 -22"><span class='ocrx_word' id='word_1_63' title='bbox 374 1974 435 2039; x_wconf 85' lang='lat'>125</span> <span class='ocrx_word' id='word_1_64' title='bbox 457 1976 637 2041; x_wconf 86' lang='lat' dir='ltr'><strong>clarisonas</strong></span> <span class='ocrx_word' id='word_1_65' title='bbox 659 1977 726 2041; x_wconf 91' lang='lat' dir='ltr'><strong>imo</strong></span> <span class='ocrx_word' id='word_1_66' title='bbox 749 1977 873 2042; x_wconf 88' lang='lat' dir='ltr'><strong>fudisse</strong></span> <span class='ocrx_word' id='word_1_67' title='bbox 897 2000 914 2041; x_wconf 91' lang='lat' dir='ltr'><strong>e</strong></span> <span class='ocrx_word' id='word_1_68' title='bbox 936 1988 1064 2060; x_wconf 89' lang='lat' dir='ltr'><strong>pectore</strong></span> <span class='ocrx_word' id='word_1_69' title='bbox 1089 1999 1194 2055; x_wconf 88' lang='lat' dir='ltr'><strong>uoces,</strong></span> 
     </span>
     <span class='ocr_line' id='line_1_12' title="bbox 456 2098 1340 2179; baseline 0.006 -22"><span class='ocrx_word' id='word_1_70' title='bbox 456 2116 493 2157; x_wconf 88' lang='lat' dir='ltr'><strong>ac</strong></span> <span class='ocrx_word' id='word_1_71' title='bbox 515 2103 586 2159; x_wconf 94' lang='lat' dir='ltr'><strong>tum</strong></span> <span class='ocrx_word' id='word_1_72' title='bbox 610 2105 802 2179; x_wconf 87' lang='lat' dir='ltr'><strong>praeruptos</strong></span> <span class='ocrx_word' id='word_1_73' title='bbox 825 2099 951 2161; x_wconf 87' lang='lat' dir='ltr'><strong>tristem</strong></span> <span class='ocrx_word' id='word_1_74' title='bbox 974 2098 1190 2163; x_wconf 86' lang='lat' dir='ltr'><strong>conscendere</strong></span> <span class='ocrx_word' id='word_1_75' title='bbox 1214 2105 1340 2163; x_wconf 91' lang='lat' dir='ltr'><strong>montes</strong></span> 
     </span>
     <span class='ocr_line' id='line_1_13' title="bbox 456 2213 1364 2301; baseline 0.003 -23"><span class='ocrx_word' id='word_1_76' title='bbox 456 2213 544 2278; x_wconf 92' lang='lat' dir='ltr'><strong>unde</strong></span> <span class='ocrx_word' id='word_1_77' title='bbox 567 2215 670 2279; x_wconf 87' lang='lat' dir='ltr'><strong>aciem</strong></span> <span class='ocrx_word' id='word_1_78' title='bbox 693 2218 727 2279; x_wconf 81' lang='lat' dir='ltr'><strong>ia</strong></span> <span class='ocrx_word' id='word_1_79' title='bbox 748 2216 856 2300; x_wconf 83' lang='lat' dir='ltr'><strong>pelagi</strong></span> <span class='ocrx_word' id='word_1_80' title='bbox 880 2226 990 2282; x_wconf 83' lang='lat' dir='ltr'><strong>uastos</strong></span> <span class='ocrx_word' id='word_1_81' title='bbox 1013 2218 1221 2301; x_wconf 89' lang='lat' dir='ltr'><strong>protenderet</strong></span> <span class='ocrx_word' id='word_1_82' title='bbox 1244 2225 1364 2292; x_wconf 87' lang='lat' dir='ltr'><strong>aestus,</strong></span> 
     </span>
     <span class='ocr_line' id='line_1_14' title="bbox 457 2336 1368 2419; baseline 0.004 -22"><span class='ocrx_word' id='word_1_83' title='bbox 457 2342 529 2397; x_wconf 90' lang='lat' dir='ltr'><strong>tum</strong></span> <span class='ocrx_word' id='word_1_84' title='bbox 552 2336 685 2399; x_wconf 85' lang='lat' dir='ltr'><strong>tremuli</strong></span> <span class='ocrx_word' id='word_1_85' title='bbox 709 2338 787 2400; x_wconf 85' lang='lat' dir='ltr'><strong>salis</strong></span> <span class='ocrx_word' id='word_1_86' title='bbox 810 2336 966 2400; x_wconf 86' lang='lat' dir='ltr'><strong>aduersas</strong></span> <span class='ocrx_word' id='word_1_87' title='bbox 989 2358 1181 2419; x_wconf 87' lang='lat' dir='ltr'><strong>procurrere</strong></span> <span class='ocrx_word' id='word_1_88' title='bbox 1204 2338 1240 2399; x_wconf 91' lang='lat' dir='ltr'><strong>in</strong></span> <span class='ocrx_word' id='word_1_89' title='bbox 1262 2337 1368 2401; x_wconf 90' lang='lat' dir='ltr'><strong>undas</strong></span> 
     </span>
     <span class='ocr_line' id='line_1_15' title="bbox 458 2453 1228 2539; baseline 0.003 -23"><span class='ocrx_word' id='word_1_90' title='bbox 458 2454 572 2517; x_wconf 89' lang='lat' dir='ltr'><strong>mollia</strong></span> <span class='ocrx_word' id='word_1_91' title='bbox 594 2453 737 2520; x_wconf 88' lang='lat' dir='ltr'><strong>nudatae</strong></span> <span class='ocrx_word' id='word_1_92' title='bbox 760 2455 932 2519; x_wconf 90' lang='lat' dir='ltr'><strong>tollentem</strong></span> <span class='ocrx_word' id='word_1_93' title='bbox 955 2456 1101 2539; x_wconf 81' lang='lat' dir='ltr'><strong>tegmina</strong></span> <span class='ocrx_word' id='word_1_94' title='bbox 1124 2476 1228 2529; x_wconf 86' lang='lat' dir='ltr'><strong>surae,</strong></span> 
     </span>
     <span class='ocr_line' id='line_1_16' title="bbox 374 2574 1345 2656; baseline 0.002 -20"><span class='ocrx_word' id='word_1_95' title='bbox 374 2574 436 2637; x_wconf 83' lang='lat'>130</span> <span class='ocrx_word' id='word_1_96' title='bbox 459 2582 557 2655; x_wconf 87' lang='lat' dir='ltr'><strong>atque</strong></span> <span class='ocrx_word' id='word_1_97' title='bbox 580 2574 660 2638; x_wconf 86' lang='lat' dir='ltr'><strong>haec</strong></span> <span class='ocrx_word' id='word_1_98' title='bbox 682 2576 839 2640; x_wconf 84' lang='lat' dir='ltr'><strong>extremis</strong></span> <span class='ocrx_word' id='word_1_99' title='bbox 863 2586 1023 2640; x_wconf 85' lang='lat' dir='ltr'><strong>maestam</strong></span> <span class='ocrx_word' id='word_1_100' title='bbox 1047 2575 1171 2639; x_wconf 83' lang='lat' dir='ltr'><strong>dixisse</strong></span> <span class='ocrx_word' id='word_1_101' title='bbox 1194 2576 1345 2656; x_wconf 89' lang='lat' dir='ltr'><strong>querelis,</strong></span> 
     </span>
     <span class='ocr_line' id='line_1_17' title="bbox 458 2691 1161 2777; baseline 0.003 -22"><span class='ocrx_word' id='word_1_102' title='bbox 458 2691 632 2775; x_wconf 78' lang='lat' dir='ltr'><strong>frigidulos</strong></span> <span class='ocrx_word' id='word_1_103' title='bbox 654 2693 719 2757; x_wconf 91' lang='lat' dir='ltr'><strong>udo</strong></span> <span class='ocrx_word' id='word_1_104' title='bbox 742 2694 909 2777; x_wconf 82' lang='lat' dir='ltr'><strong>singultus</strong></span> <span class='ocrx_word' id='word_1_105' title='bbox 932 2715 986 2758; x_wconf 92' lang='lat' dir='ltr'><strong>ore</strong></span> <span class='ocrx_word' id='word_1_106' title='bbox 1011 2696 1161 2758; x_wconf 87' lang='lat' dir='ltr'><strong>cientem.</strong></span> 
     </span>
     <span class='ocr_line' id='line_1_18' title="bbox 459 2812 1302 2895; baseline 0 -20"><span class='ocrx_word' id='word_1_107' title='bbox 459 2812 588 2876; x_wconf 87' lang='lat' dir='ltr'><strong>‘siccine</strong></span> <span class='ocrx_word' id='word_1_108' title='bbox 611 2834 663 2876; x_wconf 92' lang='lat' dir='ltr'><strong>me</strong></span> <span class='ocrx_word' id='word_1_109' title='bbox 685 2813 801 2895; x_wconf 85' lang='lat' dir='ltr'><strong>patriis</strong></span> <span class='ocrx_word' id='word_1_110' title='bbox 825 2819 984 2891; x_wconf 91' lang='lat' dir='ltr'><strong>auectam,</strong></span> <span class='ocrx_word' id='word_1_111' title='bbox 1007 2812 1139 2895; x_wconf 86' lang='lat' dir='ltr'><strong>perfide,</strong></span> <span class='ocrx_word' id='word_1_112' title='bbox 1164 2814 1204 2878; x_wconf 87' lang='lat' dir='ltr'><strong>ab</strong></span> <span class='ocrx_word' id='word_1_113' title='bbox 1228 2812 1302 2888; x_wconf 86' lang='lat' dir='ltr'><strong>oris,</strong></span> 
     </span>
    </p>
   </div>
   <div class='ocr_carea' id='block_1_4' title="bbox 374 3004 1395 3253">
    <p class='ocr_par' dir='ltr' id='par_1_5' title="bbox 374 3004 1395 3253">
     <span class='ocr_line' id='line_1_19' title="bbox 375 3004 1388 3084; baseline -0.001 -20"><span class='ocrx_word' id='word_1_114' title='bbox 375 3016 423 3065; x_wconf 88' lang='lat'><strong>116</strong></span> <span class='ocrx_word' id='word_1_115' title='bbox 442 3033 489 3082; x_wconf 80' lang='lat' dir='ltr'><strong>ego</strong></span> <span class='ocrx_word' id='word_1_116' title='bbox 508 3033 561 3065; x_wconf 92' lang='lat' dir='ltr'><strong>cum</strong></span> <span class='ocrx_word' id='word_1_117' title='bbox 581 3017 660 3081; x_wconf 87' lang='lat' dir='ltr'><strong>primo</strong></span> <span class='ocrx_word' id='word_1_118' title='bbox 684 3018 696 3064; x_wconf 95' lang='lat' dir='ltr'><strong>ll</strong></span> <span class='ocrx_word' id='word_1_119' title='bbox 722 3019 768 3067; x_wconf 79' lang='grc'>1111</span> <span class='ocrx_word' id='word_1_120' title='bbox 781 3018 883 3084; x_wconf 81' lang='lat' dir='ltr'><strong>iuguata</strong></span> <span class='ocrx_word' id='word_1_121' title='bbox 904 3019 915 3066; x_wconf 91' lang='lat' dir='ltr'><strong>ll</strong></span> <span class='ocrx_word' id='word_1_122' title='bbox 936 3018 1017 3068; x_wconf 87' lang='lat' dir='ltr'><strong>letali</strong></span> <span class='ocrx_word' id='word_1_123' title='bbox 1041 3018 1087 3067; x_wconf 89' lang='lat'>120</span> <span class='ocrx_word' id='word_1_124' title='bbox 1101 3004 1362 3083; x_wconf 74' lang='lat' dir='ltr'><strong>(poptarotlportaret</strong></span> <span class='ocrx_word' id='word_1_125' title='bbox 1376 3018 1388 3064; x_wconf 94' lang='lat' dir='ltr'><strong>ll</strong></span> 
     </span>
     <span class='ocr_line' id='line_1_20' title="bbox 376 3102 1395 3155; baseline 0 -2"><span class='ocrx_word' id='word_1_126' title='bbox 376 3103 421 3153; x_wconf 86' lang='lat'><strong>121</strong></span> <span class='ocrx_word' id='word_1_127' title='bbox 443 3104 503 3153; x_wconf 86' lang='lat' dir='ltr'><strong>ratis</strong></span> <span class='ocrx_word' id='word_1_128' title='bbox 528 3102 539 3150; x_wconf 98' lang='grc' dir='ltr'><strong>ΙΙ</strong></span> <span class='ocrx_word' id='word_1_129' title='bbox 564 3104 610 3153; x_wconf 88' lang='grc'><strong>122</strong></span> <span class='ocrx_word' id='word_1_130' title='bbox 629 3104 733 3154; x_wconf 84' lang='lat' dir='ltr'><strong>Venerit</strong></span> <span class='ocrx_word' id='word_1_131' title='bbox 751 3105 859 3153; x_wconf 78' lang='lat' dir='ltr'><strong>orrrr&#39;ssarn</strong></span> <span class='ocrx_word' id='word_1_132' title='bbox 884 3106 896 3152; x_wconf 93' lang='lat' dir='ltr'><strong>ll</strong></span> <span class='ocrx_word' id='word_1_133' title='bbox 920 3105 1037 3155; x_wconf 85' lang='lat' dir='ltr'><strong>deuincta</strong></span> <span class='ocrx_word' id='word_1_134' title='bbox 1061 3105 1073 3153; x_wconf 89' lang='lat' dir='ltr'><strong>ll</strong></span> <span class='ocrx_word' id='word_1_135' title='bbox 1096 3104 1143 3155; x_wconf 80' lang='grc'><strong>126</strong></span> <span class='ocrx_word' id='word_1_136' title='bbox 1162 3105 1246 3155; x_wconf 77' lang='lat' dir='ltr'><strong>tristes</strong></span> <span class='ocrx_word' id='word_1_137' title='bbox 1271 3104 1282 3151; x_wconf 97' lang='grc' dir='ltr'><strong>ΙΙ</strong></span> <span class='ocrx_word' id='word_1_138' title='bbox 1307 3103 1395 3153; x_wconf 77' lang='lat' dir='ltr'><strong>latin</strong></span> 
     </span>
     <span class='ocr_line' id='line_1_21' title="bbox 374 3188 872 3253; baseline 0.006 -17"><span class='ocrx_word' id='word_1_139' title='bbox 374 3188 481 3237; x_wconf 76' lang='lat' dir='ltr'><strong>orrtissurn</strong></span> <span class='ocrx_word' id='word_1_140' title='bbox 506 3189 517 3235; x_wconf 95' lang='lat' dir='ltr'><strong>ll</strong></span> <span class='ocrx_word' id='word_1_141' title='bbox 538 3188 698 3253; x_wconf 80' lang='lat' dir='ltr'><strong>protenderet</strong></span> <span class='ocrx_word' id='word_1_142' title='bbox 721 3189 733 3236; x_wconf 96' lang='lat' dir='ltr'><strong>ll</strong></span> <span class='ocrx_word' id='word_1_143' title='bbox 758 3189 804 3240; x_wconf 88' lang='grc'><strong>132</strong></span> <span class='ocrx_word' id='word_1_144' title='bbox 823 3190 872 3240; x_wconf 84' lang='lat' dir='ltr'><strong>aris</strong></span> 
     </span>
    </p>
   </div>
   <div class='ocr_carea' id='block_1_5' title="bbox 372 3341 1395 4347">
    <p class='ocr_par' dir='ltr' id='par_1_6' title="bbox 374 3341 1395 3820">
     <span class='ocr_line' id='line_1_22' title="bbox 376 3341 1395 3408; baseline -0.002 -16"><span class='ocrx_word' id='word_1_145' title='bbox 376 3342 485 3392; x_wconf 81' lang='lat' dir='ltr'><strong>Falleret</strong></span> <span class='ocrx_word' id='word_1_146' title='bbox 498 3342 662 3408; x_wconf 86' lang='lat' dir='ltr'><strong>indeprensus</strong></span> <span class='ocrx_word' id='word_1_147' title='bbox 672 3350 697 3393; x_wconf 90' lang='lat' dir='ltr'><strong>et</strong></span> <span class='ocrx_word' id='word_1_148' title='bbox 709 3342 878 3392; x_wconf 85' lang='lat' dir='ltr'><strong>inremeabilis</strong></span> <span class='ocrx_word' id='word_1_149' title='bbox 887 3359 958 3392; x_wconf 87' lang='lat' dir='ltr'><strong>error</strong></span> <span class='ocrx_word' id='word_1_150' title='bbox 968 3343 1024 3390; x_wconf 81' lang='lat' dir='ltr'><strong>laec</strong></span> <span class='ocrx_word' id='word_1_151' title='bbox 1034 3341 1150 3390; x_wconf 83' lang='lat' dir='ltr'><strong>adnotans</strong></span> <span class='ocrx_word' id='word_1_152' title='bbox 1162 3343 1245 3390; x_wconf 83' lang='lat' dir='ltr'><strong>uerba:</strong></span> <span class='ocrx_word' id='word_1_153' title='bbox 1264 3348 1303 3390; x_wconf 89' lang='lat' dir='ltr'><strong>est</strong></span> <span class='ocrx_word' id='word_1_154' title='bbox 1311 3348 1395 3390; x_wconf 85' lang='lat' dir='ltr'><strong>autem</strong></span> 
     </span>
     <span class='ocr_line' id='line_1_23' title="bbox 375 3418 1395 3500; baseline -0.004 -23"><span class='ocrx_word' id='word_1_155' title='bbox 375 3445 462 3478; x_wconf 91' lang='lat' dir='ltr'><strong>uersus</strong></span> <span class='ocrx_word' id='word_1_156' title='bbox 472 3427 569 3478; x_wconf 85' lang='lat' dir='ltr'><strong>Catulli.</strong></span> <span class='ocrx_word' id='word_1_157' title='bbox 593 3429 622 3486; x_wconf 75' lang='lat' dir='ltr'><strong>ef.</strong></span> <span class='ocrx_word' id='word_1_158' title='bbox 623 3428 717 3492; x_wconf 68' lang='lat' dir='ltr'><strong>frepus.</strong></span> <span class='ocrx_word' id='word_1_159' title='bbox 726 3425 766 3475; x_wconf 91' lang='lat' dir='ltr'><strong>VI</strong></span> <span class='ocrx_word' id='word_1_160' title='bbox 841 3418 1038 3500; x_wconf 62' lang='lat' dir='ltr'><strong>llbinprimold</strong></span> <span class='ocrx_word' id='word_1_161' title='bbox 1101 3424 1395 3475; x_wconf 79' lang='lat' dir='ltr'><strong>ll9laetabaturLaclt·</strong></span> 
     </span>
     <span class='ocr_line' id='line_1_24' title="bbox 376 3508 1394 3575; baseline -0.002 -14"><span class='ocrx_word' id='word_1_162' title='bbox 376 3511 510 3562; x_wconf 77' lang='lat' dir='ltr'><strong>maunas*:</strong></span> <span class='ocrx_word' id='word_1_163' title='bbox 537 3513 603 3562; x_wconf 88' lang='lat' dir='ltr'><strong>laeta</strong></span> <span class='ocrx_word' id='word_1_164' title='bbox 628 3511 651 3559; x_wconf 83' lang='lat' dir='ltr'><em>V</em></span> <span class='ocrx_word' id='word_1_165' title='bbox 664 3512 710 3561; x_wconf 87' lang='lat' dir='ltr'><strong>Lm</strong></span> <span class='ocrx_word' id='word_1_166' title='bbox 733 3512 874 3561; x_wconf 85' lang='lat' dir='ltr'><strong>laetabatur</strong></span> <span class='ocrx_word' id='word_1_167' title='bbox 897 3510 1060 3559; x_wconf 71' lang='lat' dir='ltr'><strong>Rossbachius</strong></span> <span class='ocrx_word' id='word_1_168' title='bbox 1089 3510 1158 3571; x_wconf 76' lang='lat' dir='ltr'><strong>Quae</strong></span> <span class='ocrx_word' id='word_1_169' title='bbox 1185 3508 1277 3560; x_wconf 87' lang='lat' dir='ltr'><strong>misero</strong></span> <span class='ocrx_word' id='word_1_170' title='bbox 1303 3520 1394 3575; x_wconf 81' lang='lat' dir='ltr'><strong>gnatae</strong></span> 
     </span>
     <span class='ocr_line' id='line_1_25' title="bbox 376 3587 1393 3673; baseline -0.002 -26"><span class='ocrx_word' id='word_1_171' title='bbox 376 3599 449 3649; x_wconf 89' lang='lat' dir='ltr'><strong>fleret</strong></span> <span class='ocrx_word' id='word_1_172' title='bbox 471 3598 602 3664; x_wconf 87' lang='lat' dir='ltr'><strong>deperdita</strong></span> <span class='ocrx_word' id='word_1_173' title='bbox 623 3587 885 3673; x_wconf 62' lang='lat' dir='ltr'><strong>luetu(aelleto)1i</strong></span> <span class='ocrx_word' id='word_1_174' title='bbox 907 3596 976 3657; x_wconf 76' lang='lat' dir='ltr'><strong>Quae</strong></span> <span class='ocrx_word' id='word_1_175' title='bbox 999 3596 1091 3646; x_wconf 89' lang='lat' dir='ltr'><strong>misera</strong></span> <span class='ocrx_word' id='word_1_176' title='bbox 1113 3596 1139 3645; x_wconf 94' lang='lat' dir='ltr'><strong>in</strong></span> <span class='ocrx_word' id='word_1_177' title='bbox 1161 3603 1236 3662; x_wconf 78' lang='lat' dir='ltr'><strong>gnata</strong></span> <span class='ocrx_word' id='word_1_178' title='bbox 1258 3595 1330 3646; x_wconf 86' lang='lat' dir='ltr'><strong>fleuit</strong></span> <span class='ocrx_word' id='word_1_179' title='bbox 1348 3595 1393 3645; x_wconf 90' lang='lat' dir='ltr'><strong>de-</strong></span> 
     </span>
     <span class='ocr_line' id='line_1_26' title="bbox 374 3680 1393 3749; baseline -0.002 -16"><span class='ocrx_word' id='word_1_180' title='bbox 374 3683 484 3749; x_wconf 87' lang='lat' dir='ltr'><strong>perdita,</strong></span> <span class='ocrx_word' id='word_1_181' title='bbox 502 3684 570 3734; x_wconf 84' lang='lat' dir='ltr'><strong>laeta</strong></span> <span class='ocrx_word' id='word_1_182' title='bbox 588 3701 612 3736; x_wconf 88' lang='grc' dir='ltr'>ω</span> <span class='ocrx_word' id='word_1_183' title='bbox 633 3684 703 3745; x_wconf 80' lang='lat' dir='ltr'><strong>Quae</strong></span> <span class='ocrx_word' id='word_1_184' title='bbox 722 3681 813 3731; x_wconf 87' lang='lat' dir='ltr'><strong>misere</strong></span> <span class='ocrx_word' id='word_1_185' title='bbox 832 3681 954 3747; x_wconf 81' lang='lat' dir='ltr'><strong>ingemuit</strong></span> <span class='ocrx_word' id='word_1_186' title='bbox 970 3690 1062 3747; x_wconf 85' lang='lat' dir='ltr'><strong>gnatae</strong></span> <span class='ocrx_word' id='word_1_187' title='bbox 1081 3682 1212 3749; x_wconf 87' lang='lat' dir='ltr'><strong>deperdita</strong></span> <span class='ocrx_word' id='word_1_188' title='bbox 1223 3682 1292 3733; x_wconf 91' lang='lat' dir='ltr'><strong>luctu</strong></span> <span class='ocrx_word' id='word_1_189' title='bbox 1306 3680 1393 3731; x_wconf 79' lang='lat' dir='ltr'><strong>Freed-</strong></span> 
     </span>
     <span class='ocr_line' id='line_1_27' title="bbox 376 3766 1338 3820; baseline -0.003 -3"><span class='ocrx_word' id='word_1_190' title='bbox 376 3770 460 3818; x_wconf 82' lang='lat' dir='ltr'><strong>b&#39;edius</strong></span> <span class='ocrx_word' id='word_1_191' title='bbox 567 3769 610 3818; x_wconf 93' lang='grc'><strong>121</strong></span> <span class='ocrx_word' id='word_1_192' title='bbox 632 3769 680 3819; x_wconf 85' lang='lat' dir='ltr'><strong>rati</strong></span> <span class='ocrx_word' id='word_1_193' title='bbox 699 3766 856 3816; x_wconf 81' lang='lat' dir='ltr'><strong>Passeratius</strong></span> <span class='ocrx_word' id='word_1_194' title='bbox 874 3777 897 3816; x_wconf 84' lang='lat' dir='ltr'><strong>et</strong></span> <span class='ocrx_word' id='word_1_195' title='bbox 914 3767 1113 3817; x_wconf 43' lang='lat' dir='ltr'><strong>Lacinienses&amp;</strong></span> <span class='ocrx_word' id='word_1_196' title='bbox 1135 3769 1195 3820; x_wconf 89' lang='lat' dir='ltr'><strong>ratis</strong></span> <span class='ocrx_word' id='word_1_197' title='bbox 1217 3768 1237 3815; x_wconf 77' lang='lat'>1⁷</span> <span class='ocrx_word' id='word_1_198' title='bbox 1253 3784 1277 3820; x_wconf 86' lang='grc' dir='ltr'>ω</span> <span class='ocrx_word' id='word_1_199' title='bbox 1294 3767 1338 3815; x_wconf 85' lang='lat' dir='ltr'><strong>Lm</strong></span> 
     </span>
    </p>

    <p class='ocr_par' dir='ltr' id='par_1_7' title="bbox 372 3850 1394 4347">
     <span class='ocr_line' id='line_1_28' title="bbox 378 3850 1393 3920; baseline -0.001 -18"><span class='ocrx_word' id='word_1_200' title='bbox 378 3854 425 3903; x_wconf 86' lang='grc'><strong>122</strong></span> <span class='ocrx_word' id='word_1_201' title='bbox 443 3854 549 3904; x_wconf 84' lang='lat' dir='ltr'><strong>Venerit</strong></span> <span class='ocrx_word' id='word_1_202' title='bbox 572 3853 622 3901; x_wconf 74' lang='lat' dir='ltr'><strong>add</strong></span> <span class='ocrx_word' id='word_1_203' title='bbox 643 3850 844 3902; x_wconf 82' lang='lat' dir='ltr'><strong>Laelrmaunas*:</strong></span> <span class='ocrx_word' id='word_1_204' title='bbox 868 3870 904 3900; x_wconf 86' lang='lat' dir='ltr'><strong>om</strong></span> <span class='ocrx_word' id='word_1_205' title='bbox 925 3852 1001 3902; x_wconf 75' lang='lat' dir='ltr'><strong>1⁷LG</strong></span> <span class='ocrx_word' id='word_1_206' title='bbox 1024 3854 1130 3920; x_wconf 81' lang='lat' dir='ltr'><strong>Fugerit</strong></span> <span class='ocrx_word' id='word_1_207' title='bbox 1152 3853 1204 3903; x_wconf 85' lang='lat' dir='ltr'><strong>add</strong></span> <span class='ocrx_word' id='word_1_208' title='bbox 1227 3852 1393 3901; x_wconf 78' lang='lat' dir='ltr'><strong>Froclrliedias.</strong></span> 
     </span>
     <span class='ocr_line' id='line_1_29' title="bbox 374 3930 1394 4014; baseline -0.008 -25"><span class='ocrx_word' id='word_1_209' title='bbox 374 3940 426 3989; x_wconf 86' lang='lat' dir='ltr'><strong>Aut</strong></span> <span class='ocrx_word' id='word_1_210' title='bbox 443 3948 471 3988; x_wconf 90' lang='lat' dir='ltr'><strong>ut</strong></span> <span class='ocrx_word' id='word_1_211' title='bbox 488 3957 543 3989; x_wconf 85' lang='lat' dir='ltr'><strong>eam</strong></span> <span class='ocrx_word' id='word_1_212' title='bbox 561 3939 627 3988; x_wconf 92' lang='lat' dir='ltr'><strong>dulci</strong></span> <span class='ocrx_word' id='word_1_213' title='bbox 649 3939 788 3988; x_wconf 86' lang='lat' dir='ltr'><strong>deuinctam</strong></span> <span class='ocrx_word' id='word_1_214' title='bbox 808 3930 850 4014; x_wconf 78' lang='grc' dir='ltr'><strong>βω</strong></span> <span class='ocrx_word' id='word_1_215' title='bbox 873 3937 1046 4003; x_wconf 78' lang='lat' dir='ltr'><strong>(PBoeluuiam</strong></span> <span class='ocrx_word' id='word_1_216' title='bbox 1064 3957 1102 4002; x_wconf 78' lang='lat' dir='ltr'><strong>pu.</strong></span> <span class='ocrx_word' id='word_1_217' title='bbox 1122 3940 1158 3987; x_wconf 69' lang='grc'><strong>34</strong></span> <span class='ocrx_word' id='word_1_218' title='bbox 1176 3936 1348 3985; x_wconf 78' lang='lat' dir='ltr'><strong>ctEFritziam</strong></span> <span class='ocrx_word' id='word_1_219' title='bbox 1366 3934 1394 3981; x_wconf 87' lang='lat' dir='ltr'><strong>de</strong></span> 
     </span>
     <span class='ocr_line' id='line_1_30' title="bbox 373 4017 1393 4087; baseline -0.007 -15"><span class='ocrx_word' id='word_1_220' title='bbox 373 4042 446 4075; x_wconf 76' lang='lat' dir='ltr'><strong>earet.</strong></span> <span class='ocrx_word' id='word_1_221' title='bbox 465 4023 582 4073; x_wconf 77' lang='lat' dir='ltr'><em>LXIII]</em></span> <span class='ocrx_word' id='word_1_222' title='bbox 598 4022 755 4072; x_wconf 82' lang='lat' dir='ltr'><strong>Helberstad.</strong></span> <span class='ocrx_word' id='word_1_223' title='bbox 791 4024 863 4073; x_wconf 78' lang='lat'>1863</span> <span class='ocrx_word' id='word_1_224' title='bbox 882 4041 909 4087; x_wconf 85' lang='lat' dir='ltr'><strong>p.</strong></span> <span class='ocrx_word' id='word_1_225' title='bbox 932 4024 964 4072; x_wconf 73' lang='grc'><strong>11</strong></span> <span class='ocrx_word' id='word_1_226' title='bbox 987 4024 1082 4072; x_wconf 81' lang='lat' dir='ltr'><strong>collatio</strong></span> <span class='ocrx_word' id='word_1_227' title='bbox 1101 4022 1158 4070; x_wconf 76' lang='lat' dir='ltr'><strong>libri</strong></span> <span class='ocrx_word' id='word_1_228' title='bbox 1172 4019 1332 4083; x_wconf 69' lang='lat' dir='ltr'><strong>pacilianensis</strong></span> <span class='ocrx_word' id='word_1_229' title='bbox 1350 4017 1393 4065; x_wconf 82' lang='lat' dir='ltr'><strong>sil-</strong></span> 
     </span>
     <span class='ocr_line' id='line_1_31' title="bbox 375 4102 1393 4172; baseline -0.006 -15"><span class='ocrx_word' id='word_1_230' title='bbox 375 4109 467 4172; x_wconf 74' lang='lat' dir='ltr'><strong>b&#39;pr&#39;ana</strong></span> <span class='ocrx_word' id='word_1_231' title='bbox 479 4108 579 4172; x_wconf 80' lang='lat' dir='ltr'><strong>fefellit.</strong></span> <span class='ocrx_word' id='word_1_232' title='bbox 634 4124 674 4155; x_wconf 86' lang='lat' dir='ltr'><strong>aec</strong></span> <span class='ocrx_word' id='word_1_233' title='bbox 697 4114 784 4154; x_wconf 84' lang='lat' dir='ltr'><strong>tantam</strong></span> <span class='ocrx_word' id='word_1_234' title='bbox 808 4117 918 4168; x_wconf 76' lang='lat' dir='ltr'><strong>errantum</strong></span> <span class='ocrx_word' id='word_1_235' title='bbox 943 4109 968 4156; x_wconf 82' lang='lat' dir='ltr'><strong>la&#39;</strong></span> <span class='ocrx_word' id='word_1_236' title='bbox 990 4108 1069 4156; x_wconf 81' lang='lat' dir='ltr'><strong>uolunt</strong></span> <span class='ocrx_word' id='word_1_237' title='bbox 1089 4106 1179 4168; x_wconf 85' lang='lat' dir='ltr'><strong>probat</strong></span> <span class='ocrx_word' id='word_1_238' title='bbox 1205 4102 1266 4150; x_wconf 79' lang='lat' dir='ltr'><strong>Ciris·</strong></span> <span class='ocrx_word' id='word_1_239' title='bbox 1289 4121 1311 4153; x_wconf 88' lang='lat' dir='ltr'><strong>a.</strong></span> <span class='ocrx_word' id='word_1_240' title='bbox 1336 4102 1393 4151; x_wconf 82' lang='lat'><strong>206</strong></span> 
     </span>
     <span class='ocr_line' id='line_1_32' title="bbox 373 4186 1392 4259; baseline -0.009 -15"><span class='ocrx_word' id='word_1_241' title='bbox 373 4195 475 4259; x_wconf 85' lang='lat' dir='ltr'><strong>lamque</strong></span> <span class='ocrx_word' id='word_1_242' title='bbox 494 4195 557 4245; x_wconf 81' lang='lat' dir='ltr'><strong>adeo</strong></span> <span class='ocrx_word' id='word_1_243' title='bbox 576 4193 642 4243; x_wconf 89' lang='lat' dir='ltr'><strong>dulci</strong></span> <span class='ocrx_word' id='word_1_244' title='bbox 659 4190 788 4241; x_wconf 85' lang='lat' dir='ltr'><strong>deuinctus</strong></span> <span class='ocrx_word' id='word_1_245' title='bbox 806 4191 898 4241; x_wconf 86' lang='lat' dir='ltr'><strong>lumina</strong></span> <span class='ocrx_word' id='word_1_246' title='bbox 917 4193 1014 4256; x_wconf 88' lang='lat' dir='ltr'><strong>somno)</strong></span> <span class='ocrx_word' id='word_1_247' title='bbox 1120 4188 1167 4238; x_wconf 83' lang='grc'><strong>126</strong></span> <span class='ocrx_word' id='word_1_248' title='bbox 1186 4188 1269 4237; x_wconf 83' lang='lat' dir='ltr'><strong>tristes</strong></span> <span class='ocrx_word' id='word_1_249' title='bbox 1285 4186 1306 4235; x_wconf 72' lang='lat' dir='ltr'><strong>l&#39;v</strong></span> <span class='ocrx_word' id='word_1_250' title='bbox 1316 4186 1392 4252; x_wconf 74' lang='lat' dir='ltr'><strong>Spea</strong></span> 
     </span>
     <span class='ocr_line' id='line_1_33' title="bbox 372 4273 1393 4347; baseline -0.005 -19"><span class='ocrx_word' id='word_1_251' title='bbox 372 4279 449 4344; x_wconf 71' lang='lat' dir='ltr'><strong>pelias</strong></span> <span class='ocrx_word' id='word_1_252' title='bbox 474 4279 523 4330; x_wconf 83' lang='lat' dir='ltr'><strong>leet.</strong></span> <span class='ocrx_word' id='word_1_253' title='bbox 547 4280 600 4330; x_wconf 75' lang='lat'><strong>105</strong></span> <span class='ocrx_word' id='word_1_254' title='bbox 704 4293 789 4328; x_wconf 84' lang='lat' dir='ltr'><strong>ausam</strong></span> <span class='ocrx_word' id='word_1_255' title='bbox 811 4278 979 4347; x_wconf 79' lang='lat' dir='ltr'><strong>conscendere</strong></span> <span class='ocrx_word' id='word_1_256' title='bbox 1002 4273 1164 4325; x_wconf 81' lang='lat' dir='ltr'><strong>Froeldiclrias</strong></span> <span class='ocrx_word' id='word_1_257' title='bbox 1279 4273 1324 4323; x_wconf 87' lang='grc'><strong>132</strong></span> <span class='ocrx_word' id='word_1_258' title='bbox 1343 4273 1393 4323; x_wconf 84' lang='lat' dir='ltr'><strong>aris</strong></span> 
     </span>
    </p>
   </div>
   <div class='ocr_carea' id='block_1_6' title="bbox 1136 4374 1190 4445">
    <p class='ocr_par' dir='ltr' id='par_1_8' title="bbox 1136 4374 1190 4445">
     <span class='ocr_line' id='line_1_34' title="bbox 1136 4374 1190 4445; baseline 0 0"><span class='ocrx_word' id='word_1_259' title='bbox 1136 4374 1190 4445; x_wconf 72' lang='lat'><strong>13*</strong></span> 
     </span>
    </p>
   </div>
   <div class='ocr_carea' id='block_1_7' title="bbox 0 0 1776 5167">
    <p class='ocr_par' dir='ltr' id='par_1_9' title="bbox 0 0 1776 5167">
     <span class='ocr_line' id='line_1_35' title="bbox 0 0 1776 5167; baseline 0 1"><span class='ocrx_word' id='word_1_260' title='bbox 0 0 1776 5167; x_wconf 95' lang='lat' dir='ltr'><strong> </strong></span> 
     </span>
    </p>
   </div>
  </div>
 </body>
</html>
