3542 5167
370 635 478 706 m

372 844 465 909 uerbi
487 863 603 909 caussa
625 844 764 910 feliciter
789 862 896 903 mun
921 847 963 911 21
986 848 1056 913 Scis
1083 870 1259 933 quocunque
1279 852 1314 915 in
1338 856 1392 918 Sir

374 985 554 1048 quocunque
580 980 629 1021 m
656 964 719 1030 232
748 966 847 1031 dodaci
876 967 912 1030 in
939 968 1028 1032 bonci
1053 984 1137 1025 xxxx
1170 969 1191 1033 8
1212 993 1330 1055 poema
1356 973 1391 1036 in

369 1104 476 1167 peona
495 1099 566 1140 hm
587 1084 628 1148 54
651 1085 775 1149 αεὶηοοε
789 1085 825 1148 in
844 1086 999 1150 Aroma
1020 1095 1150 1152 mutata
1171 1096 1259 1166 sunt,
1281 1098 1395 1155 contra

375 1200 550 1267 infeliciter
580 1219 630 1260 m
663 1203 725 1268 127
757 1204 871 1269 locedio
905 1226 965 1287 pro
1000 1206 1116 1270 locatio
1156 1206 1295 1291 (dotatio
1322 1208 1393 1292 V),

375 1337 502 1379 murm
528 1322 549 1385 4
576 1324 673 1408 impii
702 1343 763 1406 pro
784 1324 840 1407 pii
861 1345 883 1385 x
904 1322 946 1389 26
973 1326 1123 1410 Serapim
1149 1346 1209 1408 pro
1237 1328 1394 1411 Sarapim

376 1458 449 1498 xxm
473 1442 491 1506 1
513 1466 627 1508 soram
647 1464 707 1527 pro
727 1466 838 1509 mercor
854 1445 964 1529 (acrae
977 1445 1125 1529 V)nx1111
1150 1445 1215 1510 249
1230 1456 1394 1531 aspectam

377 1581 436 1643 pro
458 1573 669 1648 prospectam
695 1564 875 1629 coniectata
901 1571 988 1629 sunt
1038 1564 1115 1630 libri
1138 1564 1171 1631 G
1193 1565 1302 1631 scriba
1322 1587 1395 1649 per-

377 1680 506 1758 mullis,
535 1692 573 1747 nt
598 1681 760 1760 diximus,
788 1683 870 1748 locis
900 1682 1066 1767 duplicem
1095 1684 1268 1749 lectionem
1295 1705 1337 1749 ex
1365 1686 1395 1748 V

379 1809 545 1883 sumptam
574 1803 728 1867 seruauit
778 1810 947 1886 praeterea
979 1802 1064 1867 liber
1095 1803 1312 1869 santenienus
1337 1803 1396 1888 (Ie)

380 1919 605 2001 respiciendus
627 1930 686 1987 est.
730 1922 831 1987 ceteri
857 1932 970 1986 autem
996 1922 1053 2005 qui
1081 1922 1174 1987 illinc
1196 1923 1399 2005 exemplaria

381 2058 468 2101 noua
478 2037 688 2104 deduxerunt
699 2040 767 2105 fere
783 2040 903 2123 ubique
917 2062 981 2104 non
995 2047 1178 2123 utramque,
1191 2040 1248 2105 sed
1259 2040 1399 2105 alteram

381 2164 491 2222 utrem
513 2161 657 2224 mutuati
680 2167 766 2237 sunt,
788 2159 885 2225 modo
908 2160 1086 2243 genuinam
1108 2160 1284 2225 lectionem
1302 2159 1400 2224 modo

381 2278 638 2361 superscriptam
660 2280 814 2363 glossam.
851 2279 939 2345 unde
954 2279 1061 2345 denuo
1076 2279 1283 2364 intellegitur
1297 2299 1398 2362 quam

383 2398 478 2463 facile
500 2399 530 2463 is
552 2400 718 2466 erroribus
740 2402 890 2485 inplicari
912 2401 1015 2483 possit
1032 2400 1087 2483 qui
1104 2421 1145 2465 ex
1160 2400 1397 2482 scripturarum

382 2520 601 2601 paucularum
616 2522 807 2587 diuersitate
822 2522 863 2586 de
874 2542 1012 2585 numero
1024 2520 1263 2603 exemplarium
1277 2539 1318 2582 ex
1331 2517 1403 2600 ipso

385 2642 559 2705 norcnensi
582 2642 754 2706 ductorum
776 2640 921 2705 iudicare
942 2641 977 2703 in
1000 2661 1035 2703 se
1058 2640 1223 2721 suscipiat.

489 2758 780 2843 Archetypum,
802 2757 889 2823 unde
911 2757 1115 2839 exemplaria
1135 2763 1170 2821 et
1190 2754 1348 2839 gallicum
1370 2763 1404 2817 ct

285 2862 294 2869 ’
387 2896 566 2940 ueroncnse
588 2876 728 2943 deducta
749 2888 845 2953 sunt,
876 2877 927 2940 his
949 2896 1017 2939 non
1039 2874 1086 2938 ita
1107 2874 1213 2938 multo
1234 2870 1403 2954 antiquius

386 2997 489 3060 fuisse
525 2996 666 3061 uidetur.
730 2998 840 3080 ipsum
877 3016 1007 3077 quoque
1043 2992 1165 3057 litteris
1207 2990 1403 3055 minusculis

387 3116 549 3201 seriptum
578 3117 651 3181 fuit
702 3118 788 3200 quod
816 3117 883 3181 iam
911 3114 1060 3197 Scaliger
1081 3112 1122 3178 de
1144 3111 1295 3195 exemplo
1317 3110 1404 3193 quod

390 3236 523 3300 uocauit
536 3237 699 3321 gallicano
714 3239 766 3322 (ef.
779 3237 836 3321 p.I
847 3236 922 3302 adn.
934 3234 969 3320 2)
986 3234 1183 3307 adfirmauit
1199 3232 1255 3297 sed
1272 3234 1409 3315 iusuper

389 3359 570 3442 scripturae
592 3378 697 3443 genus
720 3367 868 3424 accurate
891 3356 1059 3423 defininit:
1087 3376 1147 3439 ego
1169 3375 1189 3419 a
1210 3352 1268 3418 tali
1291 3349 1408 3417 defini-

390 3478 479 3542 tione
500 3478 535 3542 in
563 3486 656 3543 tanta
682 3479 923 3561 seripturarum
950 3476 1160 3542 diuersarum
1186 3470 1409 3547 multitudine,

390 3617 531 3679 cumque
553 3598 695 3680 uestigia
715 3597 805 3660 unde
826 3596 866 3660 de
888 3596 1057 3679 archetypi
1080 3594 1201 3658 litteris
1217 3590 1411 3656 concludere

390 3717 489 3781 liceat
509 3714 688 3780 admodum
709 3735 814 3796 pauca
835 3714 1017 3795 supersint,
1040 3710 1184 3774 abstinui
1192 3714 1238 3789 ⁴⁶).
1283 3709 1409 3770 miuus·

392 3837 477 3905 culis
504 3839 606 3924 igitur
633 3834 756 3899 litteris
786 3831 893 3897 scriba
927 3830 1098 3915 archetypi
1131 3847 1212 3892 usus
1245 3834 1303 3889 est
1349 3825 1411 3890 hoc
1493 3924 1495 3928 y

427 4032 461 4082 4⁶
469 4032 582 4099 Scaliger
593 4030 664 4083 initio
675 4026 866 4095 castigationum
879 4023 905 4074 in
918 4020 1042 4073 catullum
1054 4016 1162 4083 suspicor
1173 4014 1255 4082 inquit
1266 4012 1328 4064 illud
1337 4014 1411 4081 palli·

395 4133 478 4166 cmm
489 4117 610 4184 mmplar
622 4113 798 4183 laopobordicr'c
810 4109 896 4162 litteris
908 4108 1019 4172 scriptam
1026 4104 1123 4170 saissa:
1140 4102 1198 4169 qnia
1210 4117 1310 4162 errores,
1328 4100 1370 4166 qui
1387 4100 1412 4149 in

393 4201 519 4272 paronio
541 4202 659 4255 codicibus
680 4203 712 4254 ad
735 4197 849 4267 imperitia
872 4192 979 4245 uram
1005 4188 1153 4242 disceaiaatc'
1175 4194 1243 4247 saut,
1269 4202 1315 4235 nce
1340 4183 1411 4235 alita·
