3542 5167
739 688 953 760 susumus

807 874 875 942 VII

337 990 540 1077 [Oaunabiae
555 1045 559 1056 .
574 1046 579 1059 .
594 1045 599 1058 .
616 994 773 1061 oarbasus
809 1047 814 1058 .
829 1049 834 1060 .
851 1016 905 1062 ros
928 998 1084 1064 umbrosa
1105 1020 1141 1064 o.
1156 1053 1160 1062 .
1176 1052 1181 1064 .
1195 1016 1237 1064 an
1251 1050 1258 1063 .
1270 1048 1278 1066 .
1291 1001 1311 1083 .]

404 1196 453 1248 VII
471 1194 571 1247 Scholia
587 1200 727 1248 sermasia
744 1198 779 1248 atl
798 1197 867 1265 Vtro.
885 1218 938 1251 aen.
958 1198 1028 1251 VIII
1044 1200 1080 1252 34
1098 1202 1221 1252 assandum
1239 1202 1355 1268 Anqelam

337 1278 431 1331 Maisan
448 1280 506 1331 laec
523 1282 611 1333 labent
631 1283 756 1333 carbasus
777 1292 804 1333 et
825 1285 962 1335 masculino
981 1293 1007 1336 et
1024 1285 1144 1337 feminino
1162 1303 1255 1354 genere
1273 1287 1354 1337 dietus

338 1372 382 1416 est
428 1362 555 1416 Catullus:
581 1364 665 1416 <lande
685 1375 794 1417 secantur
815 1384 876 1431 qaae
899 1387 974 1432 supra
994 1369 1072 1433 posui.
1113 1368 1167 1419 tino
1188 1368 1354 1421 Laaltmaaaus

336 1465 419 1499 wass
442 1450 477 1499 sic
500 1450 619 1500 mussitat
641 1450 768 1501 Cannabis
791 1468 836 1501 exc
853 1487 955 1503 ......
974 1454 1092 1505 carbasus
1114 1452 1196 1505 Euros
1212 1454 1216 1519 Ι
1235 1454 1355 1505 Vmbrosa

337 1551 428 1584 a....
446 1552 478 1585 au
493 1574 498 1586 ,
512 1573 538 1585 .,

407 1616 460 1668 Sea
475 1616 599 1668 HKtilias
618 1618 726 1670 editionis
744 1636 802 1669 tuae
824 1619 965 1669 scholiorum
987 1623 1147 1671 tironensium
1165 1639 1191 1685 p.
1211 1622 1257 1681 99,
1275 1638 1303 1677 no
1321 1623 1355 1672 ita

337 1703 411 1753 locam
435 1702 533 1766 scriosit
554 1702 680 1754 Carbasus
702 1710 729 1753 et
750 1702 885 1754 masculino
910 1712 936 1753 et
956 1704 1075 1754 feminino
1096 1720 1189 1769 genere
1207 1705 1289 1756 dietus
1307 1713 1353 1755 est.

339 1786 467 1854 [Catullus
494 1786 640 1853 caaaubiae]
659 1824 758 1833 ...-
777 1788 895 1839 carbasus
916 1793 919 1849 Ι
942 1806 1025 1840 -ros
1043 1789 1160 1839 umbrosa
1178 1789 1245 1855 [e-
1256 1789 1303 1855 an]
1322 1817 1355 1827 υ

337 1909 404 1919 ...-
423 1909 523 1918 ...-..
540 1870 566 1935 Ι.
603 1872 645 1935 qai
666 1888 715 1921 cum
737 1870 802 1921 umis
826 1873 911 1936 quibas
935 1875 1008 1922 uerba
1035 1872 1147 1923 Catullus
1174 1873 1312 1923 eannubiae
1335 1884 1356 1922 et

338 1974 401 2007 a—
421 1975 453 2007 an
479 1955 575 2006 inclusit
595 1955 769 2020 siyaifitautrit
789 1954 833 2020 (9⁶.
855 1956 905 2005 eius
924 1956 1078 2020 praefatam.
1099 1954 1204 2017 XIIII)
1221 1958 1294 2006 uerba
1311 1955 1357 2007 illa

338 2042 432 2091 inclusa
449 2058 490 2090 neo
512 2041 558 2089 iant
580 2055 606 2089 se
628 2038 717 2088 uidisse
739 2056 780 2088 aec
802 2038 863 2089 talia
886 2039 971 2103 qualia
993 2037 1078 2089 Maius
1098 2039 1153 2105 leait
1170 2040 1217 2089 stbi
1233 2039 1288 2089 aisa
1305 2056 1355 2090 esse

338 2127 390 2175 ueri
404 2125 501 2186 similia,
519 2125 597 2174 martia
614 2124 643 2173 de
651 2126 791 2189 fraymeato
809 2124 851 2175 ltoc
863 2125 994 2175 catulliaao
1006 2124 1077 2175 ualde
1089 2122 1238 2189 dabiafiaat.
1266 2125 1357 2175 accedit

339 2209 408 2273 qaod,
426 2226 476 2259 cutm
487 2226 570 2259 aerata
582 2209 730 2275 aurailiaaus
748 2210 786 2259 cui
803 2210 918 2274 interpres
936 2210 1071 2259 rteroaeasis
1090 2208 1136 2259 illa
1152 2208 1282 2273 adscripsit
1294 2210 1356 2259 lisca

337 2294 415 2344 uerbis
433 2294 465 2343 sit
482 2303 604 2357 conceptas
626 2294 750 2343 carbasus
773 2302 799 2343 et
821 2293 895 2344 orinia
918 2294 1034 2343 umbrosa
1056 2294 1160 2359 tegebat
1181 2293 1288 2351 arundo,
1307 2294 1358 2342 aeri

339 2378 483 2430 simillimam
506 2388 542 2428 est
563 2378 626 2428 illud
646 2379 765 2430 umbrosa
785 2394 831 2428 aaa
853 2387 900 2427 tam
921 2394 950 2427 ex
973 2394 1042 2428 uersu
1065 2376 1105 2428 ael
1129 2376 1220 2427 camut
1238 2377 1277 2427 uel
1294 2376 1356 2427 alios

333 2473 431 2529 praeter
456 2462 585 2528 Verqiliam
603 2471 688 2527 poetae
709 2472 824 2527 sumptum
850 2478 902 2511 esse
928 2478 999 2526 qaam
1024 2462 1060 2511 acl
1083 2479 1176 2511 uersum
1202 2461 1356 2527 aeryiliaaum

337 2549 413 2613 ipsum
430 2556 545 2613 spectare.
573 2545 632 2597 illan
650 2546 795 2613 adgnoscens
809 2556 938 2611 praeterea
956 2546 1048 2597 litteras
1067 2564 1098 2596 a.
1112 2585 1117 2595 .
1131 2584 1137 2595 .
1150 2562 1181 2595 an
1195 2582 1201 2596 .
1213 2580 1220 2597 .
1234 2585 1239 2597 .
1258 2563 1275 2595 a
1286 2544 1357 2595 Maio

340 2630 411 2682 lectas
430 2630 571 2695 RVaaeras
589 2630 618 2680 de
643 2630 729 2696 Valyio
748 2630 802 2681 483
824 2630 860 2681 ita
880 2630 1000 2695 suppleuit
1016 2631 1133 2681 umbrosa
1149 2632 1244 2695 tenebat
1260 2627 1357 2680 aruntio.

333 2716 420 2782 priora
446 2715 551 2781 Vayeras
569 2717 604 2766 ita
621 2716 731 2781 scripsit:
748 2715 870 2767 Lucilius:
889 2714 1016 2767 Cannabis
1035 2723 1061 2765 et
1077 2715 1185 2765 tumidos
1204 2714 1255 2778 (nel
1266 2731 1356 2779 aequa·

337 2799 384 2866 les)
402 2799 518 2866 concepit
534 2802 653 2851 carbasus
671 2802 777 2851 Austros
795 2798 845 2863 (ael
861 2800 954 2863 Euros)

807 2968 893 3032 VIII

408 3122 451 3172 nd
473 3122 671 3188 Verqiliiqeorq.
690 3121 775 3172 1195
793 3139 842 3188 quo
859 3133 884 3171 te
902 3121 1011 3172 turmine
1028 3122 1116 3180 diuam,
1137 3121 1274 3171 Rhaetica?
1300 3119 1357 3169 Ser·

341 3208 393 3258 uias
411 3208 469 3257 laea
487 3206 623 3256 aduolauit:
644 3206 716 3257 Hane
735 3223 808 3256 uuam
827 3206 890 3256 (luto
908 3206 1043 3272 praecipue
1061 3206 1147 3256 laudat
1164 3205 1189 3255 in
1207 3204 1279 3256 libris
1296 3220 1357 3270 quos

339 3293 439 3358 scripsit
456 3293 488 3341 ad
505 3291 597 3341 filium:
616 3304 700 3343 eontra
719 3290 832 3343 Catullus
850 3309 905 3341 eam
923 3292 1050 3357 uituperat
1067 3298 1094 3341 et
1106 3290 1167 3339 dicit
1179 3289 1241 3339 nulli
1254 3290 1291 3338 rei
1303 3305 1358 3339 esso

339 3385 423 3443 aptum
440 3376 594 3441 miraturque
611 3391 655 3426 aur
666 3392 722 3426 eam
732 3375 875 3426 laudauerit
886 3374 955 3427 Ceto.
975 3374 1055 3425 sciens
1074 3390 1135 3439 ergo
1152 3381 1286 3436 utrumque
1301 3372 1357 3421 Vir·

338 3460 414 3527 gilius
431 3459 541 3510 medium
559 3458 642 3510 tenuit
659 3460 745 3511 disens
762 3465 771 3491 ⁴
777 3460 832 3522 Quo
849 3466 876 3509 te
893 3458 1002 3509 turmine
1021 3458 1115 3517 diuam,
1134 3455 1275 3507 Rhaetica?
1311 3455 1357 3519 (os.

337 3541 452 3595 Martial.
470 3542 565 3593 XIIII
577 3543 634 3595 199
651 3542 784 3594 ‘Panaca’.¹
801 3542 827 3593 Si
846 3560 896 3594 nou
915 3542 1001 3609 ignota
1018 3548 1057 3592 est
1074 3540 1141 3591 dotti
1159 3538 1205 3589 tibi
1224 3546 1293 3588 terra
1312 3537 1357 3588 (la-

338 3628 405 3691 tulli,
424 3628 523 3681 Potasti
540 3636 608 3681 testa
625 3628 736 3680 rhaetias
753 3628 812 3679 uina
829 3628 904 3691 mea).
944 3624 996 3675 Pro
1019 3624 1131 3678 Catullus
1153 3623 1252 3674 coniecit
1268 3620 1359 3674 Caluus

340 3712 480 3781 RVaaeras
498 3713 526 3765 de
551 3712 638 3780 Valyio
655 3712 715 3765 291.

795 3862 900 3929 VIIII

412 4021 508 4073 Plinius
530 4029 579 4071 aut.
603 4020 657 4072 list.
680 4018 817 4071 XXVIII
834 4020 884 4072 19:
910 4018 977 4071 Hino
1003 4013 1132 4067 Theocriti
1152 4012 1218 4079 apud
1243 4010 1360 4069 Graecos,

344 4104 436 4157 carui
453 4106 518 4173 apud
535 4121 581 4156 nos
598 4120 767 4170 proxumeque
784 4104 882 4171 Vergili
904 4102 1145 4153 incantamentorum
1163 4095 1284 4146 amatoria
1301 4093 1360 4144 imi·

343 4189 414 4243 tatio.
448 4188 499 4241 Pro
516 4187 610 4241 catulli
626 4188 725 4252 unibat
741 4187 815 4241 Calui
832 4187 971 4253 RVaqerus
989 4184 1018 4234 de
1044 4181 1130 4247 Valqio
1148 4179 1203 4232 292

1099 4281 1157 4333 tn*
