3542 5167
436 678 480 743 90
834 688 1056 744 nxnltn-oo

501 879 558 943 ubi
581 900 679 944 cerua
701 877 912 953 silnioultrix,
935 877 989 941 ubi
1013 896 1090 957 spor
1113 875 1370 965 nemoriuogus?

502 1001 568 1061 iam
592 1000 659 1061 iam
682 997 771 1061 dolet
792 997 878 1078 quod
902 997 962 1077 ogi,
984 996 1050 1057 iam
1074 994 1204 1075 iamque
1227 994 1388 1076 paenitet!

502 1119 603 1180 roseis
625 1125 664 1179 ut
687 1118 740 1179 hic
762 1115 893 1179 labellis
915 1134 1015 1177 sonos
1036 1113 1141 1176 editus
1164 1112 1246 1176 adiit

437 1237 478 1299 75
501 1238 650 1318 geminas
675 1236 792 1297 matris
813 1233 853 1296 ad
877 1252 973 1295 aures
995 1252 1082 1296 noua
1105 1232 1222 1295 nuntia
1243 1232 1399 1307 resonem,

498 1356 544 1416 ibi
568 1357 680 1416 iuncta
702 1354 780 1434 iuga
801 1351 969 1415 resoluens
992 1349 1117 1434 Gybolo
1139 1349 1291 1415 leonibus

498 1473 695 1552 laeuumque
717 1472 840 1554 pecoris
862 1470 991 1534 hostem
1014 1469 1188 1534 stimulans
1212 1471 1257 1533 ita
1279 1470 1435 1551 loquitur.

502 1590 657 1672 ‘agedum’
671 1591 779 1671 inquit
791 1598 859 1672 ‘age
874 1591 967 1653 ferox
982 1590 1004 1663 i,
1020 1589 1087 1653 foce
1102 1595 1140 1652 ut
1151 1587 1239 1652 hunc
1250 1589 1341 1653 furor
1352 1592 1456 1672 cyitet,

495 1712 561 1774 face
584 1712 634 1774 uti
656 1710 777 1773 furoris
801 1710 869 1771 ictu
892 1708 1036 1771 reditum
1059 1709 1093 1770 in
1117 1728 1253 1771 nemora
1274 1707 1367 1782 ferat,

432 1829 474 1892 80
497 1850 570 1892 moa
593 1829 694 1892 libore
717 1827 816 1891 nimis
839 1828 895 1907 qui
918 1827 1031 1909 fugero
1053 1826 1192 1907 imperia
1213 1827 1313 1908 cupit.

431 2082 465 2132 74
482 2082 540 2133 hinc
563 2083 576 2129 Ιὶ
600 2081 694 2132 sonitus
712 2080 775 2131 adiit
797 2081 809 2128 ΙΙ
834 2079 867 2131 75
885 2080 986 2144 matris]
1009 2079 1113 2129 deorum
1137 2081 1150 2128 ΙΙ
1175 2080 1209 2132 76
1227 2081 1278 2131 Vbi
1301 2083 1313 2129 ΙΙ
1337 2081 1371 2131 77
1389 2100 1450 2148 pec·

432 2168 492 2216 toris
516 2167 528 2213 ii
548 2166 581 2216 78
600 2167 609 2215 i
626 2167 735 2215 omissum
759 2167 771 2213 ii
791 2165 830 2215 fac
854 2166 867 2215 ΙΙ
887 2165 968 2232 agitet
985 2166 1094 2215 omissum
1118 2166 1130 2213 ΙΙ
1150 2165 1183 2216 79
1201 2167 1252 2217 Fac
1270 2175 1296 2216 nt
1320 2167 1331 2215 ΙΙ
1351 2167 1428 2217 ictum

431 2350 515 2401 Maur.
531 2370 557 2416 p.
574 2352 629 2401 378
647 2362 670 2401 et
688 2350 829 2417 Spenqelius
849 2351 900 2402 lect.
918 2351 971 2402 97.-
999 2353 1052 2418 Ego
1074 2368 1121 2403 nec
1140 2352 1165 2401 V
1183 2353 1255 2417 Egon
1277 2362 1305 2403 ut
1326 2352 1452 2403 Bentleius

430 2438 496 2500 opud
517 2436 633 2487 Kiddium
656 2436 691 2487 ati
710 2438 824 2487 Dawesii
845 2437 943 2488 miscell.
962 2456 987 2501 p.
1009 2438 1049 2487 30
1075 2439 1146 2504 Egon
1173 2438 1205 2488 eh
1232 2438 1400 2488 Lachmanmis
1428 2440 1452 2488 in

430 2522 528 2571 editione
543 2523 625 2587 priore
643 2523 729 2587 Egone
747 2522 796 2572 hou
814 2521 972 2571 Alitwardtus
991 2522 1077 2589 Egone
1096 2531 1122 2573 et
1139 2520 1246 2571 Nobbius
1265 2521 1293 2571 de
1311 2532 1375 2571 metr.
1398 2520 1450 2572 Cot.

429 2605 493 2656 111
510 2616 533 2654 et
550 2606 595 2655 IH
600 2606 698 2656 Vossius
715 2606 788 2671 qioss.
807 2608 907 2671 nsaryin.
924 2625 949 2671 p.
968 2607 1027 2657 266
1050 2608 1104 2671 Ego
1122 2607 1170 2657 inm
1190 2602 1336 2656 Flacobsius
1354 2608 1379 2655 in
1396 2607 1450 2656 cloe-

429 2692 542 2755 rinyiana
559 2690 638 2740 altero
775 2689 808 2740 74
825 2691 866 2740 hic
884 2701 995 2755 excerpto
1012 2691 1099 2741 Puccii
1114 2689 1225 2741 Muretus
1242 2690 1367 2741 Bentleius
1385 2692 1452 2755 apud

429 2775 544 2825 Kiddium
564 2776 579 2824 l.
598 2793 617 2826 c.
632 2794 659 2839 p.
677 2774 733 2825 292
750 2774 927 2825 Froeiiiiciiiuc:
950 2777 1008 2827 hinc
1028 2776 1051 2825 V
1068 2778 1151 2840 (prob.
1176 2775 1259 2840 Voss.)
1278 2775 1336 2827 hnic
1355 2794 1380 2830 ω
1404 2776 1450 2825 Lm

532 2877 607 2909 sonos
629 2860 711 2910 editus
734 2860 798 2909 adiit
816 2859 998 2910 Froeiliciiios:
1024 2862 1119 2912 sonitus
1143 2862 1205 2913 adiit
1229 2860 1367 2914 Vnonitno
1386 2862 1449 2911 citus

427 2946 490 2996 adiit
507 2943 632 2993 Bentleius
648 2943 716 3008 apud
731 2942 847 2993 Kiddtcm
867 2945 882 2995 l.
894 2963 914 2994 c.
933 2945 1008 3009 (adiit
1022 2948 1091 3010 prob.
1108 2948 1178 2997 etiam
1191 2945 1286 2997 Statius
1298 2956 1321 2996 et
1338 2946 1447 3013 Vossius)

427 3031 509 3097 palam
528 3030 624 3080 sonitus
642 3030 703 3079 abiit
721 3023 738 3106 β
753 3030 883 3095 propalam
902 3032 997 3081 sonitus
1015 3032 1068 3081 abit
1085 3030 1198 3098 Sittiqtus
1216 3049 1252 3096 ep.
1271 3034 1323 3081 crit.
1342 3033 1380 3083 53
1398 3034 1446 3097 (si-

427 3114 494 3163 milia
512 3113 665 3162 PBoeinnius
683 3132 719 3177 qu.
739 3124 786 3164 cat.
810 3115 859 3179 12)
884 3117 969 3181 palans
992 3116 1087 3167 sonitus
1109 3117 1172 3167 abiit
1189 3116 1242 3183 (uel
1262 3118 1330 3183 abit)
1350 3112 1366 3197 β
1384 3116 1446 3169 Sca-

428 3200 487 3264 liqer
504 3216 528 3251 ω
547 3199 641 3249 sonitus
654 3217 734 3266 uagus
747 3200 810 3249 abiit
820 3200 978 3250 Aitwardtcs
993 3202 1088 3252 sonitus
1100 3203 1168 3253 celer
1180 3203 1220 3253 ab.
1232 3201 1339 3267 Heysius
1351 3204 1447 3257 sonitus

429 3286 492 3336 obiit
509 3285 577 3335 celer
595 3285 763 3335 Locimcmms
781 3286 828 3349 [cs.
846 3286 951 3349 Hauptii
968 3303 1006 3349 qu.
1025 3287 1079 3351 46)
1099 3287 1157 3339 huic
1175 3286 1228 3354 (uel
1245 3287 1316 3354 hinc)
1336 3289 1353 3343 1.
1371 3307 1446 3340 sonus

426 3372 508 3422 editus
531 3372 592 3422 abiit
614 3370 778 3421 Rossbachius
801 3389 876 3423 sonus
901 3373 946 3437 (I)
966 3372 1030 3423 citus
1049 3372 1170 3439 Berqicius
1308 3374 1341 3424 76
1358 3379 1446 3426 metris

426 3458 594 3508 Locimnnnus
612 3458 647 3508 aci
663 3458 736 3508 Locr.
755 3458 805 3508 57.-
827 3459 928 3508 deorum
949 3457 972 3505 V
986 3477 1011 3513 ω
1027 3459 1116 3509 Matris
1135 3460 1238 3509 deorum
1256 3459 1288 3510 ad
1306 3478 1379 3511 aures
1397 3460 1447 3525 (uel

425 3544 568 3595 Genetricis
598 3547 629 3595 sd
656 3545 729 3595 deum
757 3546 844 3611 aures)
868 3544 1026 3594 Aiiwardtus
1048 3544 1076 3592 de
1094 3544 1149 3592 Atti
1169 3544 1205 3593 16
1226 3544 1304 3605 abiit,
1328 3544 1447 3595 Geminei

424 3629 526 3678 deorum
545 3630 576 3677 ad
595 3645 668 3677 aures
690 3628 866 3678 GHermannoc
884 3647 939 3678 αιιιι.
960 3627 1029 3677 Iolen.
1049 3626 1187 3675 XXXIII
1202 3627 1263 3678 249.
1282 3628 1305 3677 Ιι.
1323 3646 1346 3678 ιι.
1365 3627 1405 3678 del
1420 3639 1446 3679 ot

423 3712 528 3776 spurium
546 3709 663 3758 Muretus.
683 3709 797 3775 Scaiiqer
813 3730 906 3761 uersum
928 3712 960 3762 75
976 3722 1034 3776 post
1053 3712 1088 3761 76
1106 3712 1275 3774 transpositum
1292 3714 1327 3761 sic
1348 3715 1447 3777 scripsit

423 3796 542 3845 Geminas
570 3811 655 3843 corum
683 3794 715 3843 nd
742 3796 808 3844 auris
835 3813 902 3845 nono
927 3796 1030 3845 nunciat
1055 3795 1139 3843 ferens
1241 3794 1275 3843 76
1297 3796 1381 3846 iuncto
1403 3809 1447 3848 aut

422 3880 506 3929 uincto
515 3877 547 3926 V:
565 3878 607 3927 icc
616 3876 733 3941 praetulit
742 3876 905 3927 Rossbachius
957 3876 1068 3927 tssiadd
1076 3874 1188 3940 Scoiiqer
1240 3877 1379 3944 ogitet(om
1389 3881 1444 3948 Lm)

422 3963 473 4012 add
484 3962 668 4012 Lachmannns*
688 3960 796 4025 (eandem
808 3980 885 4011 uocem
897 3962 972 4011 editor
990 3963 1037 4011 iam
1055 3962 1253 4026 cantobriqiensis
1271 3982 1295 4013 o.
1313 3964 1385 4015 1702
1402 3966 1442 4015 de-

422 4048 547 4112 siderauit)
566 4056 594 4097 ut
611 4048 676 4097 hunc
695 4047 764 4111 (hinc
777 4045 902 4111 Scaiiqer)
922 4048 1047 4097 furoribus
1066 4040 1109 4123 βω
1132 4049 1186 4099 sace
1210 4049 1263 4113 (fec
1287 4048 1312 4097 V
1329 4050 1440 4114 Potitios)

422 4142 450 4180 ut
467 4134 517 4183 icat
537 4135 601 4183 hunc
619 4134 689 4183 furor
708 4132 871 4182 Frocitiicin'us
890 4142 911 4180 et
929 4131 1029 4182 Potitius
1050 4133 1099 4183 lect.
1119 4136 1157 4185 53
1269 4134 1303 4185 79
1321 4134 1440 4186 smus

422 4214 604 4269 Lacinienses.-
622 4220 673 4270 Fac
690 4227 718 4269 ut
738 4218 761 4265 V
774 4218 840 4269 Foco
861 4230 889 4268 nt
908 4218 973 4269 hunc
990 4218 1029 4269 uel
1040 4219 1080 4270 hic
1102 4212 1119 4297 β
1134 4219 1192 4270 hinc
1210 4218 1322 4285 Scoiiyer
1338 4218 1437 4272 onice
