3542 5167
372 691 458 761 XVI

374 898 515 983 denique
525 899 684 965 librorum
697 898 980 964 uossianornm
996 899 1327 967 santonianorum
1341 902 1392 982 (ad

374 1038 471 1084 carm.
495 1010 612 1083 LXVI
635 1025 669 1084 et
690 1018 861 1102 LXVIII)
893 1019 1047 1096 aliorum,
1075 1021 1111 1083 in
1136 1020 1252 1103 primis
1280 1042 1391 1087 eorum

375 1138 496 1221 quibus
519 1138 705 1204 Achilles
728 1135 886 1203 Statius
909 1160 988 1205 usus
1011 1146 1117 1222 est⁴²).

476 1258 569 1325 Haec
596 1257 698 1324 habui
727 1278 810 1341 quae
837 1257 877 1323 do
905 1257 1069 1323 codicibus
1097 1280 1117 1324 a
1143 1280 1197 1324 me
1225 1261 1393 1343 usurpatis

374 1380 526 1446 dicerem.
559 1401 578 1443 e
600 1378 720 1461 quibus
742 1378 821 1461 quid
844 1377 884 1442 de
900 1378 1206 1461 antiquissimorum
1221 1379 1309 1444 unde
1328 1380 1393 1463 ipsi

374 1499 516 1565 deriuati
549 1504 629 1563 sunt
661 1497 821 1563 librorum
854 1499 1053 1581 proprietate
1086 1499 1157 1564 erui
1189 1500 1295 1582 possit
1326 1501 1393 1565 iam

373 1617 554 1687 uidendum
577 1627 634 1683 est
679 1625 713 1684 et
733 1619 879 1702 primum
910 1617 1042 1700 quidem
1075 1640 1179 1701 pauca
1209 1618 1254 1683 de
1284 1618 1394 1685 libro

373 1739 590 1807 uerononsi
605 1739 665 1821 (V)
682 1737 796 1801 dicam.
813 1775 854 1783 --
869 1735 963 1800 Libri
981 1738 1152 1802 catulliani
1168 1738 1264 1803 hodie
1280 1760 1393 1823 supcr-

375 1859 470 1924 stites
493 1879 577 1934 cum,
600 1877 801 1939 quamquam
823 1855 880 1919 olii
903 1856 977 1921 aliis
992 1857 1156 1921 simillimi
1172 1865 1259 1935 sunt,
1283 1866 1393 1923 tamen

374 1998 417 2043 cx
438 1998 506 2042 uuo
528 1976 607 2041 libri
631 1975 872 2059 Vapographo,
896 1982 933 2039 ut
948 1996 1049 2058 supra
1064 1975 1143 2054 dixi,
1166 1970 1307 2042 deriuati
1323 1999 1394 2043 esse

375 2117 443 2162 non
464 2096 607 2180 possint,
631 2093 688 2160 sed
711 2115 753 2159 ex
776 2096 989 2180 conpluribus
1012 2098 1210 2181 apographis
1233 2099 1394 2182 originem

376 2216 555 2293 traxerint,
583 2216 815 2301 conligendum
843 2224 895 2283 est
921 2218 1118 2300 scripturam
1148 2217 1266 2282 codicis
1289 2219 1335 2296 V,
1365 2220 1394 2284 si

376 2356 442 2401 non
465 2335 562 2401 facilc
588 2374 626 2381 —
657 2336 843 2402 salebrosos
866 2338 1057 2403 nominatur
1079 2336 1181 2402 codex
1201 2339 1394 2404 coronensis

378 2476 397 2521 a
432 2455 539 2520 scriba
575 2453 653 2520 libri
689 2459 976 2540 sangermanensis
1012 2496 1075 2534 -,
1112 2463 1147 2521 at
1182 2465 1291 2521 tamen
1328 2478 1395 2521 non

377 2573 575 2640 difficillime
597 2575 664 2659 legi
686 2577 844 2658 potuisse:
868 2577 1026 2659 alioquin,
1050 2578 1078 2642 si
1100 2579 1184 2642 forte
1206 2577 1293 2643 lectu
1307 2575 1395 2641 diffi-

376 2694 501 2760 cillima
521 2693 647 2769 fuisset,
670 2695 825 2757 lectiones
847 2693 1007 2758 librorum
1030 2704 1215 2759 nostrorum
1240 2696 1298 2759 uix
1314 2695 1395 2760 adeo

376 2814 463 2877 inter
484 2832 519 2877 so
541 2814 770 2903 consentirent.
808 2822 898 2877 actas
914 2822 1024 2878 autem
1041 2814 1185 2899 exempli
1199 2814 1231 2877 V
1246 2816 1274 2878 si
1289 2817 1393 2897 respi-

377 2931 471 3010 citur,
493 2931 560 2997 iam
582 2951 682 3014 supra
703 2950 745 2995 ex
766 2930 898 2997 indiciis
919 2931 1117 3015 quibusdam
1132 2933 1393 3017 significauimus

374 3049 410 3115 id
432 3049 603 3133 aliquanto
625 3059 701 3114 autc
723 3052 893 3127 sacculum
915 3059 988 3135 post
1004 3051 1174 3118 Christum
1198 3061 1313 3119 natum
1336 3054 1391 3119 dc·

378 3170 502 3236 cimum
523 3169 669 3236 medium
692 3169 854 3254 scriptum
876 3170 990 3237 uideri.
1043 3174 1145 3252 undo,
1174 3176 1203 3239 si
1229 3175 1265 3239 in
1288 3196 1323 3241 re
1345 3176 1394 3239 in-

286 3330 288 3334 *
377 3300 466 3357 certe
493 3289 616 3374 aliquid
645 3311 774 3355 sumere
803 3290 894 3369 licet,
922 3314 1008 3359 nouo
1036 3295 1105 3359 fere
1127 3296 1256 3362 saeculo
1277 3297 1397 3362 litteris

378 3430 460 3495 quas
488 3416 607 3475 uocant
635 3410 847 3487 minusculis,
880 3413 996 3494 quales
1027 3421 1098 3480 tum
1128 3418 1162 3480 in
1194 3438 1259 3482 usu
1292 3423 1394 3495 erant,

378 3530 458 3595 satis
479 3531 661 3613 perspicuis
684 3540 855 3597 exaratum
877 3553 948 3598 esse
963 3536 1153 3619 exemplum
1168 3536 1202 3601 V
1216 3557 1394 3601 sumamus.

378 3656 491 3715 contra
501 3648 660 3731 gallicum
669 3650 1041 3731 exemplumueroncnsi
1051 3654 1222 3734 aliquanto
1230 3655 1395 3718 uetustius

378 3774 412 3835 et
432 3766 611 3853 archetypo
631 3786 697 3830 non
720 3767 767 3831 ita
788 3766 896 3831 multo
917 3769 1028 3833 minus
1051 3777 1156 3834 aetate
1170 3770 1272 3835 fuisse
1287 3772 1394 3837 conie-

378 3888 488 3957 cerim.
526 3887 587 3951 hoc
602 3885 656 3950 uel
670 3884 747 3950 iude
762 3883 932 3971 probabile
947 3893 996 3951 est
1011 3886 1095 3970 quod
1111 3909 1238 3955 errores
1253 3893 1395 3959 ascriho

378 4009 455 4075 libri
477 4008 561 4075 Vin
584 4006 762 4093 archetypo
784 4006 1032 4073 transcribendo
1048 4009 1214 4075 commissi
1230 4013 1393 4077 erroribus

381 4247 454 4300 dimo
471 4248 524 4301 dixi
540 4265 582 4315 qu.
599 4249 612 4300 1
631 4248 663 4301 12
764 4246 799 4299 42
820 4246 853 4300 cf.
870 4248 1030 4302 Vroehnerus
1045 4247 1131 4317 philol.
1148 4245 1225 4303 XIIII
1241 4247 1290 4300 581
