3542 5167
777 676 860 728 exn
877 678 911 728 35
922 708 952 716 -
963 679 997 731 ro
1338 666 1399 730 121

379 856 420 920 35
444 860 493 920 soi
515 858 658 922 reditum
681 860 852 925 tetulisset.
898 864 927 928 is
949 868 1028 928 haut
1049 867 1085 928 in
1109 878 1254 949 temporo
1276 869 1374 951 longo

486 985 615 1058 septam
638 977 754 1041 Asiam
777 980 924 1063 Aegypti
946 984 1069 1048 finibus
1093 984 1270 1050 addiderat.

443 1077 517 1176 quis
539 1116 600 1177 ogo
622 1117 681 1178 pro
703 1096 800 1160 fastis
821 1099 954 1163 caelesti
978 1102 1107 1165 reddita
1129 1112 1222 1167 ooetu

484 1214 625 1295 pristina
648 1225 725 1278 uota
746 1236 832 1280 nouo
854 1238 992 1281 munere
1014 1217 1169 1287 dissoluo.

443 1333 557 1408 inuita,
580 1353 598 1395 o
621 1334 743 1415 regina,
766 1343 822 1398 tuo
844 1333 885 1399 de
908 1337 1030 1400 uertice
1052 1341 1144 1413 cessi,

380 1449 422 1513 to
488 1450 607 1514 inuita:
631 1450 746 1515 adiuro
769 1463 865 1533 teque
889 1462 1047 1535 tuumque
1069 1465 1177 1538 eaput,

445 1568 545 1652 digna
567 1570 653 1633 foret
676 1570 763 1651 quod
786 1572 891 1652 siquis
914 1574 1057 1637 inaniter
1078 1574 1251 1641 adiururit:

486 1686 541 1751 sod
565 1689 679 1770 quipse
701 1690 786 1753 ferro
808 1690 953 1771 postulet
974 1712 1045 1755 esse
1067 1694 1202 1774 parem?

443 1806 499 1868 ille
514 1827 644 1888 quoqne
660 1828 794 1871 euersus
806 1830 900 1874 moue
913 1818 966 1873 ost
980 1830 1078 1891 quem
1090 1813 1273 1875 maximum
1285 1814 1319 1875 in
1332 1816 1398 1876 oris

483 1927 656 2008 progenies
681 1928 780 1996 ruine
804 1928 893 1991 olai-s
914 1915 1156 2009 superuehitur,

378 2045 420 2106 45
442 2066 517 2107 enm
541 2044 632 2109 Medi
654 2067 807 2129 peperere
827 2068 950 2111 nouum
968 2068 1069 2123 mare,
1091 2069 1227 2130 eumque
1242 2050 1397 2113 iuuentus

482 2185 541 2246 per
562 2164 708 2229 medium
731 2167 826 2229 classi
853 2167 991 2231 barbara
1012 2167 1107 2231 nauit
1128 2168 1251 2231 Athon.

442 2282 521 2363 quid
543 2284 664 2347 facient
686 2284 801 2357 crines,
826 2306 902 2349 oum
925 2287 1011 2349 ferro
1034 2286 1114 2349 talia
1135 2271 1274 2349 sedant?

483 2402 643 2484 Iuppiter,
666 2413 703 2466 ut
725 2402 897 2489 Chalybon
918 2424 1015 2466 ornne
1037 2424 1142 2486 genus
1164 2414 1282 2485 pereat,

442 2522 551 2603 etqui
575 2522 736 2604 principio
759 2523 820 2586 sub
843 2531 931 2586 torro
953 2542 1108 2603 quaerere
1130 2543 1232 2587 uenus

379 2681 443 2687 —....
473 2680 733 2687 ——---—-—.-—-—

376 2763 409 2812 35
427 2764 478 2813 Sed
496 2774 519 2812 et
535 2764 563 2814 si
586 2764 598 2811 ll
618 2772 643 2813 te
660 2765 761 2814 tulisset
783 2763 796 2810 ll
816 2771 860 2813 snt
882 2762 896 2811 ll
915 2764 944 2812 4l
967 2762 1094 2812 adiutaret
1117 2763 1130 2811 ll
1149 2762 1183 2813 43
1201 2761 1307 2811 maxims
1330 2762 1342 2809 ll
1361 2762 1395 2811 44

376 2848 462 2913 phytie
486 2849 498 2894 ll
517 2850 550 2897 45
569 2865 664 2913 pepere
681 2847 720 2898 uel
736 2865 844 2914 propere
862 2848 895 2911 (t)
919 2847 932 2895 ll
951 2854 1026 2913 atque
1050 2847 1063 2894 ll
1082 2846 1116 2896 48
1134 2846 1233 2897 solitum

374 3018 457 3049 rursus
475 3000 647 3050 desiderantnr’
665 2999 775 3050 Murano
878 3001 912 3050 35
924 2998 966 3050 Sei
978 3016 1007 3047 er
1018 2998 1069 3049 Sed
1091 2998 1210 3063 Vscripsi
1225 2999 1266 3062 (es.
1280 2996 1399 3048 LXIIII

378 3087 442 3148 63).·
459 3085 486 3135 Si
506 3077 548 3162 βω
571 3086 624 3136 Lnr.
651 3086 772 3149 sequentia
790 3085 884 3135 Statius
903 3096 926 3134 et
942 3084 1039 3134 Vossius
1055 3084 1394 3148 reeteinterpunuerunt.olim
1430 3117 1433 3121 ·

376 3171 558 3234 interpunctione
572 3180 629 3235 post
646 3171 667 3220 is
682 3171 763 3234 posita
781 3179 803 3219 et
821 3170 916 3220 lectione
934 3178 977 3220 aut
994 3169 1050 3235 (V)
1068 3172 1171 3235 probatu
1189 3169 1262 3219 multu
1280 3170 1393 3220 coniecta-

376 3257 438 3315 hant,
457 3254 521 3304 uelut
536 3254 662 3305 tetulisset
678 3256 713 3316 is,
731 3266 775 3305 sut
792 3258 816 3305 iu
836 3255 876 3319 (ni
895 3254 968 3304 Anna
986 3254 1066 3304 Faber
1083 3255 1193 3319 hautque
1211 3255 1236 3303 in
1261 3252 1393 3305 Valckena-

375 3342 441 3406 rius)
465 3349 577 3407 ternpore
600 3341 675 3407 longo
695 3370 725 3376 —
744 3341 870 3391 addiderit
896 3341 1039 3404 (adiiceret
1065 3338 1212 3401 Guarinus).
1247 3339 1392 3403 Doerinpius

372 3436 429 3489 post
447 3424 564 3474 Mureturn
582 3423 663 3491 (aliter
682 3433 757 3473 tamen
775 3423 954 3489 interpunpens)
973 3422 1098 3473 tetulisset
1115 3423 1137 3471 is
1155 3421 1222 3471 haud
1239 3422 1262 3471 in
1281 3428 1392 3487 tempore

376 3511 460 3574 longo,
480 3516 506 3559 et
523 3538 556 3545 -
573 3509 693 3559 adiiceret
761 3508 802 3573 in]
821 3508 857 3557 its
875 3499 1036 3556 Froelrliclius
1113 3505 1146 3555 38
1164 3502 1268 3554 dissolui
1292 3503 1392 3553 Valcke-

374 3595 458 3643 narius
559 3594 593 3643 42
611 3594 666 3658 quis
685 3586 702 3669 β
723 3591 817 3641 Statius
836 3590 964 3641 Suetonius
982 3589 1049 3657 (Siti.
1068 3589 1174 3653 Froetl.)
1260 3587 1294 3637 43
1311 3589 1390 3640 moxi-

374 3696 440 3729 nrum
462 3676 584 3727 Guarinus
605 3695 629 3730 ω
650 3678 723 3727 Lati:
741 3678 849 3728 murinis
865 3676 887 3725 V
903 3676 947 3725 Lm
1050 3676 1075 3725 in
1093 3676 1155 3725 orbe
1174 3667 1314 3750 [Muretus
1332 3673 1391 3723 Dm*

374 3762 447 3829 (Hp.)
527 3764 561 3813 44
579 3762 657 3813 'l'hiee
666 3763 764 3813 Vossius
782 3762 907 3811 Bentleius
925 3761 954 3824 (l.
972 3779 991 3811 c.
1008 3779 1034 3825 p.
1054 3761 1131 3825 584):
1149 3759 1256 3811 Phthiae
1274 3775 1300 3811 (o

372 3847 406 3895 45
423 3863 546 3912 peperero
566 3839 583 3923 β
602 3847 700 3897 Vossius
718 3845 779 3896 Lm*
796 3862 902 3913 propere
922 3844 980 3909 (V)
1001 3845 1045 3893 Lrn
1064 3836 1190 3919 ωροτε-β
1205 3843 1264 3892 Lm*
1278 3845 1391 3908 irrupere

373 3931 492 3980 Auaritius
514 3932 635 3997 pepulere
657 3930 750 3981 Statius
772 3932 908 3999 propulere
925 3929 959 3983 H.
979 3930 1011 3981 R.
1029 3940 1075 3981 aet.
1093 3930 1137 3979 ien.
1155 3930 1198 3978 litt.
1218 3946 1242 3979 a.
1261 3926 1333 3976 1830
1354 3942 1390 3975 nr.

362 4015 426 4065 ’197
448 4033 474 4080 p.
497 4017 550 4065 135
573 4015 737 4064 Rossbachius
759 4033 875 4082 reperere
899 4014 1062 4063 Froeltlichius
1083 4013 1169 4062 fodere
1194 4010 1313 4074 Berplcius
1341 4008 1390 4071 (of.

372 4100 445 4150 schol.
464 4099 572 4150 quenal.
591 4098 624 4147 X
639 4097 689 4148 174
704 4116 730 4162 p.
749 4100 805 4148 325
823 4098 903 4165 latin.)
975 4098 1009 4147 47
1028 4095 1119 4145 faciant
1137 4088 1153 4171 β
1177 4092 1305 4145 Santenius

371 4185 406 4235 48
424 4183 555 4252 Chalybon
574 4184 710 4233 Politiunus
727 4183 856 4235 miscellan.
878 4185 913 4233 63
931 4181 1015 4246 (Grut.
1028 4177 1199 4243 lamp.183):
1217 4177 1356 4243 Chalybum
1372 4171 1389 4257 β

1155 4277 1187 4331 lo
