3542 5167
810 710 961 765 xxxxlffl
982 708 1081 763 1-19

834 980 1046 1048 XXXXIIII

493 1105 523 1199 (l
545 1136 647 1201 funde
669 1144 781 1201 noster
802 1157 861 1201 seu
890 1134 1003 1200 sabine
1025 1154 1083 1198 seu
1104 1134 1211 1199 tiburs

490 1255 581 1338 (nam
603 1262 637 1318 te
658 1275 729 1319 esse
751 1253 909 1318 tiburtem
931 1259 1106 1317 autumant
1127 1251 1246 1335 quibus
1268 1273 1334 1317 non
1357 1261 1407 1317 est

490 1373 579 1438 cordi
601 1371 771 1437 Catullum
793 1371 935 1437 laedere:
958 1350 1134 1454 atquibus
1157 1371 1246 1436 eordi
1268 1378 1319 1436 est

490 1492 606 1573 quouis
628 1491 782 1556 sabinum
803 1491 937 1575 pignore
959 1511 1030 1557 esse
1052 1489 1278 1571 contendunt),

446 1610 468 1672 5
490 1610 546 1673 sed
569 1631 627 1674 seu
650 1610 764 1675 sabine
786 1612 857 1675 siue
879 1612 991 1675 uerius
1013 1609 1129 1685 tiburs,

387 1796 390 1802 ,
487 1728 537 1792 fui
558 1728 700 1793 libenter
721 1730 757 1793 in
779 1736 837 1794 tua
858 1728 1050 1793 suburbana

487 1844 570 1909 uilla
590 1846 777 1929 malamque
799 1853 929 1929 pectore
951 1844 1066 1928 expuli
1087 1846 1213 1922 tussim,

486 1983 553 2026 non
575 1963 753 2028 inmerenti
775 1984 876 2045 quam
897 1963 981 2028 mihi
1002 1983 1095 2028 meus
1117 1970 1240 2039 uenter,

486 2078 566 2145 dum
588 2091 796 2165 sumptuosas
819 2089 946 2165 appeto,
969 2081 1069 2159 dedit,
1090 2103 1196 2147 eenas.

424 2200 465 2266 10
486 2221 573 2277 nam,
596 2201 761 2266 sestianus
783 2198 863 2265 dum
885 2200 962 2264 uolo
984 2221 1055 2264 esse
1078 2200 1230 2278 eonuiua,

485 2319 667 2384 orationem
690 2318 728 2383 in
750 2317 894 2382 Antium
915 2317 1087 2401 petitorem

419 2444 422 2449 ’
483 2436 617 2519 plenam
641 2437 760 2501 ueneni
782 2444 817 2501 et
838 2435 1046 2520 pestilentiae
1067 2436 1141 2520 legi.

485 2555 539 2620 hie
561 2576 615 2620 me
636 2554 774 2639 grauido
795 2555 916 2639 frigida
938 2561 972 2619 et
993 2556 1148 2638 frequens
1171 2554 1273 2619 tussis

483 2674 653 2757 quassauit
673 2692 778 2755 usque
800 2673 881 2737 dum
902 2674 937 2736 in
959 2680 1056 2737 tuum
1078 2674 1188 2737 sinum
1210 2672 1282 2755 fugi

420 2793 461 2856 15
483 2799 517 2856 et
537 2812 591 2855 me
613 2790 763 2855 reeuraui
785 2791 915 2874 otioque
937 2798 970 2855 et
991 2791 1106 2856 urtica.

482 2930 583 2993 quare
603 2908 744 2974 refeetus
765 2910 928 2975 maximas
950 2910 1012 2974 tibi
1034 2917 1143 2993 grates

481 3048 551 3111 ago,
573 3048 685 3091 meum
708 3027 793 3109 quod
815 3048 881 3092 non
905 3048 940 3092 es
962 3028 1035 3092 ulta
1055 3034 1234 3111 peecatum.

475 3166 535 3210 nee
556 3144 711 3228 deprecor
732 3146 807 3223 iam,
832 3146 862 3210 si
884 3146 1009 3211 nefaria
1030 3147 1152 3230 scripta

478 3261 567 3329 Sesti
588 3283 729 3346 reeepso‚
753 3264 834 3347 quin
854 3263 1068 3349 grauedinem
1091 3272 1126 3331 et
1147 3267 1265 3332 tussim

484 3538 635 3592 XXXXIIII
651 3540 670 3591 4
687 3503 803 3607 pignoris!
825 3550 838 3599 ΙΙ
866 3541 882 3592 7
905 3542 1028 3609 aliamque
1051 3551 1064 3600 Η
1088 3541 1207 3609 expulsus
1224 3543 1270 3593 sim
1295 3553 1307 3601 ΙΙ
1332 3544 1436 3597 Smens

413 3630 501 3673 uertur
526 3632 539 3682 ΙΙ
566 3624 598 3674 10
615 3624 722 3675 conuiuii
746 3636 759 3682 ΙΙ
785 3629 813 3677 ll
833 3627 977 3677 minantium
997 3629 1131 3695 petitorum
1155 3637 1168 3685 ιΙ
1199 3630 1230 3680 19
1248 3630 1344 3681 Sestire
1362 3647 1436 3697 eepso

413 3706 457 3773 qui
479 3714 492 3763 ΙΙ

479 3893 632 3948 ΧΧΧΧΙΠΙ
651 3891 668 3946 7
687 3912 721 3945 em
733 3895 861 3947 Aventius.
879 3896 956 3961 expui
973 3896 1061 3947 tussim
1079 3894 1192 3963 Scaliper
1209 3897 1250 3964 (at
1263 3900 1292 3963 cf.
1305 3899 1438 3953 LXXVI

412 3979 465 4044 22)
568 3980 585 4031 8
607 3998 642 4030 em
664 3980 773 4032 Faernus
796 3980 863 4046 apud
885 3980 989 4032 Statium
1097 3983 1126 4033 ll
1150 4000 1185 4033 em
1208 3981 1312 4036 Statim.
1334 3987 1360 4039 in
1381 3990 1433 4041 Ae-

411 4064 475 4115 tium
492 4067 627 4133 petitorem
648 4059 691 4144 βω
802 4067 834 4117 12
860 4067 923 4132 legit
947 4059 990 4144 βω
1017 4067 1046 4130 tf.
1074 4067 1109 4118 ad
1128 4086 1151 4119 u.
1176 4068 1210 4120 21
1315 4073 1346 4124 13
1368 4073 1433 4124 Hine

412 4146 534 4213 Berpkius
636 4153 759 4220 grauido]
783 4152 812 4202 de
834 4154 955 4217 scriptura
978 4153 1046 4203 luins
1068 4154 1132 4204 uocis
1157 4154 1274 4207 Victorius
1301 4176 1354 4209 nar.
1379 4157 1429 4207 lect.

412 4232 457 4281 llll
475 4234 491 4281 8
508 4233 570 4284 dixit
673 4238 705 4287 15
723 4256 809 4305 ocymo
828 4232 871 4317 βω
977 4237 1007 4291 17
1025 4240 1078 4293 ulte
1100 4240 1210 4291 Faernus
1228 4257 1253 4295 ω
1269 4240 1332 4294 ultu'
1343 4238 1427 4289 Mure-
